4928 6614
897 780 1168 848 CONCILIVM
1193 780 1557 846 ANCYRITANVM

1128 983 1162 1046 11
1179 979 1323 1069 (nno)

496 1119 522 1169 v
544 1106 598 1169 De
613 1106 664 1169 his
679 1106 735 1188 qui
751 1105 861 1171 timori
878 1104 1163 1190 paganizauerunt.

585 1209 639 1272 De
653 1208 704 1272 his
719 1209 776 1293 qui
791 1229 850 1291 per
865 1210 969 1272 minas
990 1219 1024 1272 et
1044 1209 1197 1272 timorem

540 1313 829 1396 paganizauenrnt,
839 1333 897 1394 per
905 1311 1064 1394 supplicia
1075 1320 1109 1375 et
1121 1311 1197 1374 sub·

539 1417 681 1480 stantiae
699 1417 891 1499 perditionis
911 1426 969 1479 aut
984 1414 1196 1496 transmigra·

540 1520 641 1583 tionis
670 1520 936 1597 immolauerunt,
960 1528 993 1583 et
1020 1537 1124 1600 usque
1153 1517 1195 1581 ad

511 1632 711 1704 spraesente
732 1634 881 1705 tempore
899 1642 966 1685 non
987 1623 1196 1703 penituerunt

540 1745 646 1808 neque
666 1735 909 1798 conuenerunt,
933 1734 967 1789 et
990 1744 1077 1787 nunc
1100 1731 1196 1786 extra

539 1839 692 1911 tempore
715 1827 835 1910 synodi
859 1827 1083 1910 supplicantes
1105 1837 1138 1890 et
1162 1826 1195 1888 in

538 1951 670 1995 sensum
682 1931 908 1995 conuersionis
919 1931 1102 2005 uenientes;
1124 1928 1195 2013 pla·

538 2035 608 2099 cuit
618 2054 676 2099 eos
692 2055 796 2117 usque
812 2035 856 2098 ad
872 2035 1030 2098 maiorem
1046 2034 1136 2098 diem
1151 2033 1194 2095 ad

495 2160 528 2200 ιο
539 2139 742 2202 audientiam
757 2138 887 2219 suscipi,
899 2147 933 2201 et
947 2144 1023 2219 post
1038 2137 1195 2200 maiorem

536 2241 624 2304 diem
651 2241 819 2305 subiacere
844 2241 996 2317 triennio,
1018 2251 1052 2304 et
1078 2249 1196 2321 postea

536 2344 782 2407 communicare
804 2343 874 2407 sine
895 2343 1073 2417 oblatione,
1092 2353 1126 2405 et
1149 2342 1196 2405 sic

536 2443 651 2507 uenire
666 2443 709 2506 ad
725 2443 918 2524 perlectum,
934 2453 971 2506 ut
985 2453 1119 2524 tempus
1134 2461 1194 2505 sex

536 2567 698 2610 annorum
714 2545 910 2628 conpleant:
931 2547 958 2610 si
972 2554 1083 2609 autem
1095 2545 1195 2627 aliqui

496 2659 617 2724 rsante
653 2650 818 2731 synodum
856 2649 1001 2731 suscepti
1038 2657 1115 2711 sunt
1152 2648 1194 2711 ad

538 2753 768 2836 penitentiam,
796 2751 841 2816 ab
869 2751 927 2816 illo
955 2762 1105 2834 tempore
1135 2771 1195 2814 nu·

538 2856 656 2920 merari
672 2855 719 2919 eis
735 2855 930 2938 principium
946 2875 1106 2920 annorum
1123 2875 1194 2919 sex.

537 2960 565 3022 si
587 2969 700 3024 autem
722 2959 823 3042 aliqui
845 2960 1007 3042 periculus
1026 2968 1059 3021 et
1080 2958 1195 3023 mortis

539 3063 731 3145 expectatio
764 3062 807 3126 ab
837 3062 1028 3127 infirmitate
1058 3072 1116 3126 aut
1146 3063 1194 3126 al·

496 3151 853 3244 noterius'occasionis,
874 3176 1006 3249 oportet
1027 3168 1109 3230 istos
1132 3166 1195 3228 sub

537 3268 620 3332 hora
638 3269 769 3352 suscipi.

445 3542 516 3608 IJv
534 3540 642 3594 timori
662 3541 950 3604 pagenuouenmt:
976 3541 1011 3593 in
1028 3556 1078 3592 ras
1100 3539 1112 3592 l
1137 3535 1198 3603 (sed

531 3625 604 3697 mp)
703 3640 724 3680 1.
744 3642 819 3691 por:
840 3628 983 3697 propterl
1082 3640 1108 3694 3.
1125 3641 1196 3690 por·

530 3716 663 3769 ditionis
695 3719 752 3769 aut
781 3717 1077 3779 transmisi-arlonis
1105 3713 1195 3769 codd:

525 3804 676 3873 genitium
699 3819 714 3855 e
739 3802 845 3856 Graeco
861 3801 950 3870 sonte
957 3801 1062 3872 pendet
1085 3799 1195 3871 ἀφαιρέ-

530 3908 597 3944 ocor
608 3889 774 3959 ὑπαρχόντων
787 3887 801 3956 ἢ
814 3888 943 3957 μετοικίας
1008 3878 1013 3884 ’
1038 3890 1063 3943 6.
1077 3904 1195 3943 conuer-

531 3976 657 4045 sisuntJ
778 3982 854 4042 7.et
878 3979 1194 4031 in...uoniontoo:

530 4079 574 4116 one
584 4065 640 4132 per
649 4063 907 4132 homoeoteleuton]
1004 4077 1044 4129 13.
1057 4062 1164 4118 ueniret
1183 4063 1194 4115 l

534 4151 575 4204 18.
593 4151 722 4219 aliqui]
744 4148 800 4218 (Gr
817 4148 886 4217 rcc):
912 4165 959 4202 om
981 4151 993 4204 I
1148 4155 1196 4204 et:

531 4236 664 4306 suppleui
683 4253 698 4288 e
714 4237 767 4303 ,Gr
786 4236 848 4288 eoi:
876 4236 921 4290 uel
942 4235 1033 4290 Ball:
1060 4252 1104 4289 om
1129 4236 1200 4289 codd

536 4336 577 4392 19
596 4326 729 4378 alter-luo
752 4325 942 4378 occasionis:
974 4325 1133 4393 genin'uus,
1164 4329 1198 4377 ret

531 4413 629 4482 supro,
658 4411 801 4464 eGraeco
823 4408 851 4463 ιἰι
877 4411 955 4464 νόσου
981 4408 995 4477 ἢ
1020 4409 1102 4477 ἄλλης
1130 4412 1198 4465 τινὸς

530 4498 689 4568 προφάσεως
837 4511 881 4552 20.
900 4501 1024 4561 oportet
1047 4495 1133 4551 codd:
1155 4496 1199 4550 Gr

532 4586 657 4655 συμβαίη,
677 4585 755 4653 quod
771 4589 865 4638 tamen
887 4598 950 4637 aem
968 4581 1198 4653 praecedentibus

533 4670 659 4740 (κίνδυνοι
682 4672 771 4740 enm.)
791 4670 931 4741 coniungi
952 4669 1034 4724 haud
1055 4669 1198 4723 intellexit

532 4761 672 4829 interpres
785 4761 845 4812 nub
852 4760 949 4814 hora:
966 4758 1017 4812 sed
1028 4756 1124 4812 Grinl
1135 4756 1196 4829 ὅρῳ,

532 4862 589 4900 non
601 4846 644 4898 r'nl
656 4846 710 4914 ὥρᾳ
762 4859 805 4899 21.
818 4845 960 4914 mwile
975 4843 1032 4913 (Gr
1042 4843 1175 4914 δεχθῆναι)
1188 4862 1195 4900 :

533 4932 699 5003 susciperel

449 5298 485 5365 Ι]
499 5298 789 5369 vpegonlninueruutl
857 5297 1090 5364 5.peenitueruntl
1160 5310 1197 5360 ¹4·

532 5380 674 5447 compleant
685 5378 699 5428 1
796 5375 834 5426 16.
845 5377 1022 5441 poenitentium
1033 5376 1047 5427 l
1158 5375 1195 5426 18.

533 5458 658 5525 periculos
670 5456 684 5506 1
752 5467 792 5504 ar.
809 5470 854 5504 ora
866 5454 878 5503 1

1249 1118 1288 1167 VI
1312 1105 1366 1169 De
1384 1104 1436 1169 his
1456 1103 1513 1187 qui
1533 1104 1566 1167 in
1586 1102 1750 1168 idolorum
1769 1103 1842 1168 loca
1860 1123 1949 1169 com·

1292 1209 1441 1272 ederunt.

1337 1311 1391 1375 De
1402 1310 1453 1376 his
1471 1311 1528 1394 qui
1540 1309 1637 1374 simul
1654 1311 1758 1375 edunt
1775 1310 1807 1374 in
1822 1309 1948 1374 sestiui-

1292 1424 1363 1479 tate
1386 1416 1419 1479 in
1435 1415 1515 1478 locis
1530 1415 1760 1478 abominandis
1775 1414 1948 1497 gentilium

1292 1516 1948 1600 etsuamescam,defendentespollutam,

1291 1622 1527 1698 comederunt;
1569 1621 1694 1703 placuit
1724 1641 1781 1683 eos
1815 1621 1948 1684 biennio

1263 1751 1277 1800 5
1293 1725 1461 1789 subiacere
1476 1735 1510 1788 et
1526 1725 1572 1788 sic
1584 1725 1717 1808 suscipi,
1727 1725 1804 1807 quia
1815 1734 1949 1808 oportet

1291 1837 1367 1911 post
1379 1828 1582 1893 oblationem
1594 1848 1864 1910 unumquemque
1878 1829 1947 1912 epi·

1290 1951 1428 2015 scopum
1456 1933 1596 2015 probare
1618 1942 1652 1996 et
1672 1933 1776 1996 uitam
1799 1932 1946 2016 singulo·

1261 2110 1265 2119 ³
1290 2055 1361 2098 rum
1377 2055 1584 2118 cognoscere.

1247 2151 1299 2201 vll
1324 2138 1377 2201 De
1395 2138 1445 2202 his
1461 2139 1517 2220 qui
1535 2139 1666 2220 saepius
1682 2137 1946 2202 immolauerunt.

1335 2240 1403 2323 Qui
1432 2242 1578 2306 secundo
1608 2251 1642 2306 et
1669 2243 1768 2306 tertio
1795 2242 1946 2307 immola·

1291 2355 1409 2409 uerunt
1432 2365 1491 2428 per
1511 2345 1554 2424 ui,
1574 2354 1732 2427 quattuor
1750 2345 1846 2408 annis
1868 2345 1946 2409 sub·

1292 2449 1419 2512 iaceant
1440 2458 1474 2512 et
1492 2449 1560 2512 duo
1574 2449 1645 2512 sine
1665 2447 1835 2513 oblatione
1853 2468 1945 2512 com·

1291 2552 1460 2615 municent
1483 2562 1516 2615 et
1536 2553 1679 2634 septimo
1700 2553 1742 2615 ad
1764 2548 1946 2634 perlectum

1262 2682 1276 2732 5
1293 2656 1522 2740 suscipiantur.

1247 2936 1279 2978 vr
1300 2926 1452 2981 comedunt
1461 2928 1486 2997 J,
1499 2927 1532 2996 cs
1538 2928 1577 2980 tit
1582 2931 1606 2996 ,o
1618 2927 1652 2981 18
1715 2940 1737 2982 1.
1754 2929 1828 2991 qul:
1849 2925 1944 2996 quael

1283 3016 1379 3066 simul
1391 3015 1510 3068 oduntl
1525 3012 1582 3082 (Gr
1592 3019 1642 3067 τῶν
1654 3011 1899 3081 connubium:
1917 3017 1948 3066 tr

1278 3100 1529 3172 postgentssiumJ
1678 3103 1945 3155 mtootlultntsln

1282 3190 1362 3242 loci!
1374 3186 1544 3257 scn'psr'ffir
1558 3188 1586 3242 Ic
1602 3189 1680 3258 ιὀρτῇ
1695 3187 1781 3256 ἐθνικῇ
1797 3187 1826 3241 ἓν
1840 3185 1924 3258 τόπῳ)
1938 3204 1945 3241 :

1282 3275 1428 3330 lestiuitati
1449 3275 1477 3330 in
1499 3275 1568 3331 locis
1591 3277 1601 3331 l
1625 3276 1653 3331 in
1673 3274 1825 3331 lestiuitate
1844 3273 1913 3329 locis
1930 3275 1945 3343 J

1284 3377 1309 3431 3.
1328 3366 1531 3418 Mandonion
1549 3403 1556 3417 .
1575 3403 1583 3417 .
1601 3403 1608 3417 .
1627 3367 1806 3418 sublucere:
1829 3362 1866 3417 de
1880 3363 1946 3417 sub·

1284 3449 1373 3506 iacere
1395 3450 1517 3517 (omissis
1532 3452 1658 3520 stortosse
1678 3450 1788 3504 duabus
1808 3449 1903 3514 lineis)
1925 3450 1947 3502 1.

1283 3537 1449 3593 uocabulum
1472 3538 1656 3594 defendentes
1680 3539 1708 3591 si
1726 3543 1792 3592 cuni
1811 3536 1946 3607 pollutam

1281 3627 1594 3696 construente-quasi
1609 3625 1757 3681 reicientes
1776 3626 1947 3695 pollutam-

1281 3729 1392 3766 sensum
1423 3713 1528 3766 Graeco
1557 3720 1756 3782 congruentem
1782 3713 1945 3766 icrueneris:

1282 3798 1440 3853 deserentes
1454 3799 1565 3866 (collato
1581 3800 1625 3853 Gr
1635 3798 1867 3868 ἐπικομισαμίνων)
1884 3816 1945 3853 con·

1281 3888 1407 3940 iecemnt
1421 3887 1499 3952 Ball,
1511 3888 1553 3940 ita
1570 3891 1605 3940 ut
1620 3888 1738 3958 legatur
1752 3902 1833 3941 suam
1850 3903 1946 3942 escam

1281 3973 1448 4038 delerentes,
1482 3974 1617 4044 pollutam
1653 3973 1846 4040 comederunt,
1875 3989 1948 4043 quae

1281 4063 1419 4116 sententia
1438 4063 1494 4114 toti
1512 4063 1628 4115 cononis
1649 4061 1736 4115 huius
1756 4062 1867 4114 rationi
1883 4077 1945 4116 con·

1281 4150 1376 4202 tron'a
1388 4153 1445 4215 cst3
1464 4151 1513 4202 ιιιι·
1519 4149 1676 4204 deferentes
1690 4149 1780 4220 legere
1785 4148 1890 4218 placet,
1901 4163 1946 4202 ne·

1282 4252 1352 4291 cesse
1363 4242 1405 4289 est
1416 4252 1509 4289 uocem
1522 4235 1656 4305 pollutam
1668 4237 1782 4289 omitia!
1922 4247 1946 4304 5.

1281 4329 1423 4388 oportet:
1437 4335 1459 4378 ÷
1475 4325 1528 4377 etl
1626 4325 1652 4377 ὁ.
1670 4328 1743 4387 post
1755 4325 1947 4378 oblationem

1281 4411 1366 4466 codd:
1385 4408 1441 4465 sed
1447 4411 1492 4465 Gr
1500 4410 1566 4479 μετὰ
1577 4411 1620 4477 τῆς
1635 4411 1801 4480 προσφορᾶς,
1813 4427 1869 4463 non
1881 4409 1946 4477 perd

1281 4498 1328 4566 τὴν
1345 4496 1503 4569 προσφοράν
1624 4500 1823 4562 οΡῐωοΡΠωὲ
1837 4508 1860 4553 ÷
1873 4497 1945 4567 eos]

1282 4586 1307 4640 8.
1324 4601 1512 4650 cognoscere
1526 4586 1537 4638 l
1551 4601 1558 4639 :
1578 4585 1760 4653 agnoscereJ

1246 4684 1291 4727 vu
1320 4675 1465 4738 saepius:
1503 4693 1518 4723 ι
1555 4671 1718 4726 nmltotiens
1756 4672 1790 4727 l:
1831 4670 1948 4725 habebat

1273 4762 1400 4833 sortasse
1433 4761 1466 4813 in
1501 4759 1658 4829 exemplari
1685 4776 1736 4812 suo
1767 4776 1799 4815 se
1824 4759 1947 4829 pessime

1282 4847 1384 4901 -uide
1407 4847 1526 4901 titulum
1551 4850 1576 4917 p
1608 4846 1768 4901 rii-scribo
1792 4847 1894 4901 codicis
1913 4848 1945 4900 l:

1282 4951 1428 5006 quaecum
1441 4951 1497 4987 non
1509 4933 1699 5000 intelleeniset,
1715 4934 1832 5004 aliquid
1846 4933 1952 4988 canoni

1282 5025 1375 5093 magis
1385 5038 1543 5093 congererem
1555 5024 1680 5075 inseruit
1762 5036 1787 5076 2.
1806 5037 1863 5086 per
1874 5023 1910 5075 ui
1921 5021 1950 5089 J,

1281 5110 1313 5180 pl
1320 5111 1358 5164 tit
1370 5108 1398 5163 iii
1405 5110 1494 5179 1518:
1512 5125 1562 5178 per
1574 5107 1657 5163 uiml

1248 5312 1281 5351 v1
1299 5315 1321 5352 1.
1333 5301 1450 5351 aeduntl
1527 5313 1549 5362 5.
1565 5299 1689 5365 suscepil
