<?xml version="1.0" encoding="UTF-8"?>
<!DOCTYPE html PUBLIC "-//W3C//DTD XHTML 1.0 Transitional//EN"
    "http://www.w3.org/TR/xhtml1/DTD/xhtml1-transitional.dtd">
<html xmlns="http://www.w3.org/1999/xhtml" xml:lang="en" lang="en">
 <head>
  <title>
</title>
<meta http-equiv="Content-Type" content="text/html;charset=utf-8" />
  <meta name='ocr-system' content='tesseract 3.04.00' />
  <meta name='ocr-capabilities' content='ocr_page ocr_carea ocr_par ocr_line ocrx_word'/>
</head>
<body>
  <div class='ocr_page' id='page_1' title='image "./ecclesiaeoccide00turngoog_0120.png"; bbox 0 0 4928 6614; ppageno 0'>
   <div class='ocr_carea' id='block_1_1' title="bbox 1131 815 1355 883">
    <p class='ocr_par' dir='ltr' id='par_1_1' title="bbox 1131 815 1355 883">
     <span class='ocr_line' id='line_1_1' title="bbox 1131 815 1355 883; baseline 0.004 -1"><span class='ocrx_word' id='word_1_1' title='bbox 1131 815 1355 883; x_wconf 81' lang='lat' dir='ltr'><em>CANONES</em></span> 
     </span>
    </p>
   </div>
   <div class='ocr_carea' id='block_1_2' title="bbox 370 1084 1216 2025">
    <p class='ocr_par' dir='ltr' id='par_1_2' title="bbox 734 1084 999 1172">
     <span class='ocr_line' id='line_1_2' title="bbox 734 1084 999 1172; baseline -0.011 -20"><span class='ocrx_word' id='word_1_2' title='bbox 734 1087 768 1152; x_wconf 92' lang='lat' dir='ltr'>V</span> <span class='ocrx_word' id='word_1_3' title='bbox 782 1085 952 1172; x_wconf 72' lang='lat' dir='ltr'><strong>(Dionysii</strong></span> <span class='ocrx_word' id='word_1_4' title='bbox 969 1084 999 1172; x_wconf 87' lang='grc' dir='ltr'><strong>Ι)</strong></span> 
     </span>
    </p>

    <p class='ocr_par' dir='ltr' id='par_1_3' title="bbox 370 1214 1216 1396">
     <span class='ocr_line' id='line_1_3' title="bbox 370 1214 1216 1298; baseline -0.004 -16"><span class='ocrx_word' id='word_1_5' title='bbox 370 1237 503 1282; x_wconf 82' lang='lat' dir='ltr'><strong>canxvu</strong></span> <span class='ocrx_word' id='word_1_6' title='bbox 561 1223 638 1279; x_wconf 89' lang='lat' dir='ltr'><strong>sunt</strong></span> <span class='ocrx_word' id='word_1_7' title='bbox 660 1215 693 1280; x_wconf 89' lang='lat' dir='ltr'><strong>in</strong></span> <span class='ocrx_word' id='word_1_8' title='bbox 715 1236 775 1280; x_wconf 89' lang='lat' dir='ltr'><strong>sua</strong></span> <span class='ocrx_word' id='word_1_9' title='bbox 797 1215 920 1281; x_wconf 89' lang='lat' dir='ltr'><strong>diocesi</strong></span> <span class='ocrx_word' id='word_1_10' title='bbox 943 1215 976 1279; x_wconf 92' lang='lat' dir='ltr'><strong>in</strong></span> <span class='ocrx_word' id='word_1_11' title='bbox 999 1236 1065 1298; x_wconf 89' lang='lat' dir='ltr'><strong>qua</strong></span> <span class='ocrx_word' id='word_1_12' title='bbox 1087 1214 1216 1279; x_wconf 86' lang='lat' dir='ltr'><strong>fuerant</strong></span> 
     </span>
     <span class='ocr_line' id='line_1_4' title="bbox 561 1318 1216 1396; baseline -0.002 -13"><span class='ocrx_word' id='word_1_13' title='bbox 561 1320 770 1396; x_wconf 90' lang='lat' dir='ltr'><strong>denominati,</strong></span> <span class='ocrx_word' id='word_1_14' title='bbox 824 1329 858 1384; x_wconf 91' lang='lat' dir='ltr'><strong>et</strong></span> <span class='ocrx_word' id='word_1_15' title='bbox 917 1319 1080 1384; x_wconf 89' lang='lat' dir='ltr'><strong>uoluerint</strong></span> <span class='ocrx_word' id='word_1_16' title='bbox 1135 1318 1216 1382; x_wconf 89' lang='lat' dir='ltr'><strong>alias</strong></span> 
     </span>
    </p>

    <p class='ocr_par' dir='ltr' id='par_1_4' title="bbox 522 1422 1216 1696">
     <span class='ocr_line' id='line_1_5' title="bbox 522 1422 1216 1506; baseline 0 -21"><span class='ocrx_word' id='word_1_17' title='bbox 522 1432 527 1441; x_wconf 81' lang='grc'><strong><em>’</em></strong></span> <span class='ocrx_word' id='word_1_18' title='bbox 560 1422 737 1487; x_wconf 86' lang='lat' dir='ltr'><strong>aecclesias</strong></span> <span class='ocrx_word' id='word_1_19' title='bbox 764 1444 929 1506; x_wconf 90' lang='lat' dir='ltr'><strong>occupare</strong></span> <span class='ocrx_word' id='word_1_20' title='bbox 958 1432 993 1487; x_wconf 90' lang='lat' dir='ltr'><strong>et</strong></span> <span class='ocrx_word' id='word_1_21' title='bbox 1015 1424 1083 1486; x_wconf 91' lang='lat' dir='ltr'><strong>uirn</strong></span> <span class='ocrx_word' id='word_1_22' title='bbox 1109 1423 1216 1488; x_wconf 84' lang='lat' dir='ltr'><strong>iacere</strong></span> 
     </span>
     <span class='ocr_line' id='line_1_6' title="bbox 533 1526 1215 1606; baseline 0.001 -18"><span class='ocrx_word' id='word_1_23' title='bbox 533 1526 765 1606; x_wconf 60' lang='lat' dir='ltr'><strong>spraesulibus</strong></span> <span class='ocrx_word' id='word_1_24' title='bbox 801 1548 913 1592; x_wconf 87' lang='lat' dir='ltr'><strong>earum</strong></span> <span class='ocrx_word' id='word_1_25' title='bbox 949 1527 1125 1591; x_wconf 88' lang='lat' dir='ltr'><strong>seditiones</strong></span> <span class='ocrx_word' id='word_1_26' title='bbox 1157 1526 1215 1590; x_wconf 91' lang='lat' dir='ltr'><strong>ad·</strong></span> 
     </span>
     <span class='ocr_line' id='line_1_7' title="bbox 562 1632 1215 1696; baseline 0.003 -4"><span class='ocrx_word' id='word_1_27' title='bbox 562 1649 691 1694; x_wconf 86' lang='lat' dir='ltr'><strong>uersum</strong></span> <span class='ocrx_word' id='word_1_28' title='bbox 713 1652 771 1695; x_wconf 90' lang='lat' dir='ltr'><strong>eos</strong></span> <span class='ocrx_word' id='word_1_29' title='bbox 790 1632 965 1696; x_wconf 90' lang='lat' dir='ltr'><strong>inconditis</strong></span> <span class='ocrx_word' id='word_1_30' title='bbox 989 1632 1135 1695; x_wconf 89' lang='lat' dir='ltr'><strong>motibus</strong></span> <span class='ocrx_word' id='word_1_31' title='bbox 1157 1651 1215 1694; x_wconf 89' lang='lat' dir='ltr'><strong>ex-</strong></span> 
     </span>
    </p>

    <p class='ocr_par' dir='ltr' id='par_1_5' title="bbox 561 1733 1215 1819">
     <span class='ocr_line' id='line_1_8' title="bbox 561 1733 1215 1819; baseline 0 -22"><span class='ocrx_word' id='word_1_32' title='bbox 561 1733 703 1809; x_wconf 90' lang='lat' dir='ltr'><strong>citando,</strong></span> <span class='ocrx_word' id='word_1_33' title='bbox 727 1735 788 1799; x_wconf 87' lang='lat' dir='ltr'><strong>hos</strong></span> <span class='ocrx_word' id='word_1_34' title='bbox 810 1733 934 1819; x_wconf 86' lang='lat' dir='ltr'><strong>placuit</strong></span> <span class='ocrx_word' id='word_1_35' title='bbox 956 1736 1051 1799; x_wconf 86' lang='lat' dir='ltr'><strong>abici.</strong></span> <span class='ocrx_word' id='word_1_36' title='bbox 1105 1734 1164 1798; x_wconf 90' lang='lat' dir='ltr'><strong>sed</strong></span> <span class='ocrx_word' id='word_1_37' title='bbox 1187 1735 1215 1799; x_wconf 89' lang='lat' dir='ltr'><strong>si</strong></span> 
     </span>
    </p>

    <p class='ocr_par' dir='ltr' id='par_1_6' title="bbox 562 1836 1214 1922">
     <span class='ocr_line' id='line_1_9' title="bbox 562 1836 1214 1922; baseline 0.005 -24"><span class='ocrx_word' id='word_1_38' title='bbox 562 1836 724 1902; x_wconf 87' lang='lat' dir='ltr'><strong>noluerint</strong></span> <span class='ocrx_word' id='word_1_39' title='bbox 749 1839 782 1901; x_wconf 92' lang='lat' dir='ltr'><strong>in</strong></span> <span class='ocrx_word' id='word_1_40' title='bbox 809 1839 1013 1922; x_wconf 70' lang='lat' dir='ltr'><strong>praesbiteri</strong></span> <span class='ocrx_word' id='word_1_41' title='bbox 1042 1839 1158 1902; x_wconf 87' lang='lat' dir='ltr'><strong>ordine</strong></span> <span class='ocrx_word' id='word_1_42' title='bbox 1180 1839 1214 1901; x_wconf 92' lang='lat' dir='ltr'><strong>in</strong></span> 
     </span>
    </p>

    <p class='ocr_par' dir='ltr' id='par_1_7' title="bbox 560 1941 1214 2025">
     <span class='ocr_line' id='line_1_10' title="bbox 560 1941 1214 2025; baseline 0.006 -23"><span class='ocrx_word' id='word_1_43' title='bbox 560 1942 718 2009; x_wconf 85' lang='lat' dir='ltr'><strong>aecclesia</strong></span> <span class='ocrx_word' id='word_1_44' title='bbox 729 1941 784 2005; x_wconf 93' lang='lat' dir='ltr'><strong>ubi</strong></span> <span class='ocrx_word' id='word_1_45' title='bbox 800 1944 889 2024; x_wconf 89' lang='lat' dir='ltr'><strong>prius</strong></span> <span class='ocrx_word' id='word_1_46' title='bbox 901 1943 1029 2006; x_wconf 79' lang='lat' dir='ltr'><strong>fuerant</strong></span> <span class='ocrx_word' id='word_1_47' title='bbox 1044 1951 1214 2025; x_wconf 89' lang='lat' dir='ltr'><strong>tamquam</strong></span> 
     </span>
    </p>
   </div>
   <div class='ocr_carea' id='block_1_3' title="bbox 1469 1082 1771 1172">
    <p class='ocr_par' dir='ltr' id='par_1_8' title="bbox 1469 1082 1771 1172">
     <span class='ocr_line' id='line_1_11' title="bbox 1469 1082 1771 1172; baseline 0 -22"><span class='ocrx_word' id='word_1_48' title='bbox 1469 1085 1518 1150; x_wconf 95' lang='lat' dir='ltr'><strong>VI</strong></span> <span class='ocrx_word' id='word_1_49' title='bbox 1534 1082 1705 1170; x_wconf 78' lang='lat' dir='ltr'><strong>(Dionysii</strong></span> <span class='ocrx_word' id='word_1_50' title='bbox 1720 1084 1771 1172; x_wconf 87' lang='grc' dir='ltr'><strong>ΙΙ)</strong></span> 
     </span>
    </p>
   </div>
   <div class='ocr_carea' id='block_1_4' title="bbox 1290 1213 2122 2024">
    <p class='ocr_par' dir='ltr' id='par_1_9' title="bbox 1290 1213 2122 2024">
     <span class='ocr_line' id='line_1_12' title="bbox 1319 1213 2122 1299; baseline 0.006 -21"><span class='ocrx_word' id='word_1_51' title='bbox 1319 1215 1441 1297; x_wconf 89' lang='lat' dir='ltr'><strong>recepti</strong></span> <span class='ocrx_word' id='word_1_52' title='bbox 1474 1215 1518 1279; x_wconf 93' lang='lat' dir='ltr'><strong>ab</strong></span> <span class='ocrx_word' id='word_1_53' title='bbox 1555 1213 1612 1279; x_wconf 90' lang='lat' dir='ltr'><strong>illa</strong></span> <span class='ocrx_word' id='word_1_54' title='bbox 1655 1216 1804 1299; x_wconf 90' lang='lat' dir='ltr'><strong>parrocia</strong></span> <span class='ocrx_word' id='word_1_55' title='bbox 1836 1216 1869 1280; x_wconf 91' lang='lat' dir='ltr'><strong>in</strong></span> <span class='ocrx_word' id='word_1_56' title='bbox 1900 1235 1967 1299; x_wconf 89' lang='lat' dir='ltr'><strong>qua</strong></span> <span class='ocrx_word' id='word_1_57' title='bbox 1983 1242 2036 1282; x_wconf 86' lang='lat' dir='ltr'><strong>can</strong></span> <span class='ocrx_word' id='word_1_58' title='bbox 2048 1239 2122 1283; x_wconf 65' lang='lat' dir='ltr'><strong>xxx*</strong></span> 
     </span>
     <span class='ocr_line' id='line_1_13' title="bbox 1318 1317 1971 1402; baseline 0.005 -21"><span class='ocrx_word' id='word_1_59' title='bbox 1318 1317 1446 1385; x_wconf 83' lang='lat' dir='ltr'><strong>fuerant</strong></span> <span class='ocrx_word' id='word_1_60' title='bbox 1493 1318 1706 1394; x_wconf 89' lang='lat' dir='ltr'><strong>denominati,</strong></span> <span class='ocrx_word' id='word_1_61' title='bbox 1743 1319 1971 1402; x_wconf 87' lang='lat' dir='ltr'><strong>uoluerintque</strong></span> 
     </span>
     <span class='ocr_line' id='line_1_14' title="bbox 1318 1423 1969 1507; baseline 0.003 -22"><span class='ocrx_word' id='word_1_62' title='bbox 1318 1423 1399 1487; x_wconf 92' lang='lat' dir='ltr'><strong>alias</strong></span> <span class='ocrx_word' id='word_1_63' title='bbox 1435 1443 1596 1506; x_wconf 90' lang='lat' dir='ltr'><strong>occupare</strong></span> <span class='ocrx_word' id='word_1_64' title='bbox 1625 1424 1791 1507; x_wconf 88' lang='lat' dir='ltr'><strong>parrocias</strong></span> <span class='ocrx_word' id='word_1_65' title='bbox 1828 1433 1862 1488; x_wconf 91' lang='lat' dir='ltr'><strong>et</strong></span> <span class='ocrx_word' id='word_1_66' title='bbox 1900 1425 1969 1487; x_wconf 88' lang='lat' dir='ltr'><strong>uim</strong></span> 
     </span>
     <span class='ocr_line' id='line_1_15' title="bbox 1290 1526 1970 1610; baseline 0.003 -21"><span class='ocrx_word' id='word_1_67' title='bbox 1290 1554 1304 1604; x_wconf 83' lang='lat'><strong>5</strong></span> <span class='ocrx_word' id='word_1_68' title='bbox 1320 1526 1524 1610; x_wconf 90' lang='lat' dir='ltr'><strong>praesulibus</strong></span> <span class='ocrx_word' id='word_1_69' title='bbox 1541 1547 1653 1590; x_wconf 89' lang='lat' dir='ltr'><strong>earum</strong></span> <span class='ocrx_word' id='word_1_70' title='bbox 1664 1526 1780 1591; x_wconf 88' lang='lat' dir='ltr'><strong>inferre</strong></span> <span class='ocrx_word' id='word_1_71' title='bbox 1792 1527 1970 1591; x_wconf 88' lang='lat' dir='ltr'><strong>seditiones</strong></span> 
     </span>
     <span class='ocr_line' id='line_1_16' title="bbox 1317 1629 2010 1710; baseline 0.001 -17"><span class='ocrx_word' id='word_1_72' title='bbox 1317 1632 1474 1694; x_wconf 91' lang='lat' dir='ltr'><strong>aduersus</strong></span> <span class='ocrx_word' id='word_1_73' title='bbox 1501 1650 1557 1696; x_wconf 90' lang='lat' dir='ltr'><strong>eos</strong></span> <span class='ocrx_word' id='word_1_74' title='bbox 1583 1632 1771 1710; x_wconf 89' lang='lat' dir='ltr'><strong>excitando,</strong></span> <span class='ocrx_word' id='word_1_75' title='bbox 1794 1629 1855 1696; x_wconf 89' lang='lat' dir='ltr'><strong>hos</strong></span> <span class='ocrx_word' id='word_1_76' title='bbox 1885 1630 1971 1696; x_wconf 89' lang='lat' dir='ltr'><strong>abici</strong></span> <span class='ocrx_word' id='word_1_77' title='bbox 2004 1633 2010 1645; x_wconf 93' lang='lat'>&#39;</span> 
     </span>
     <span class='ocr_line' id='line_1_17' title="bbox 1317 1733 1970 1817; baseline 0.003 -21"><span class='ocrx_word' id='word_1_78' title='bbox 1317 1733 1450 1817; x_wconf 88' lang='lat' dir='ltr'><strong>placuit.</strong></span> <span class='ocrx_word' id='word_1_79' title='bbox 1487 1735 1578 1816; x_wconf 90' lang='lat' dir='ltr'><strong>quod</strong></span> <span class='ocrx_word' id='word_1_80' title='bbox 1599 1735 1626 1797; x_wconf 91' lang='lat' dir='ltr'><strong>si</strong></span> <span class='ocrx_word' id='word_1_81' title='bbox 1647 1734 1809 1800; x_wconf 91' lang='lat' dir='ltr'><strong>uoluerint</strong></span> <span class='ocrx_word' id='word_1_82' title='bbox 1828 1734 1861 1798; x_wconf 92' lang='lat' dir='ltr'><strong>in</strong></span> <span class='ocrx_word' id='word_1_83' title='bbox 1877 1754 1970 1816; x_wconf 90' lang='lat' dir='ltr'><strong>prae-</strong></span> 
     </span>
     <span class='ocr_line' id='line_1_18' title="bbox 1317 1837 1972 1920; baseline 0.006 -20"><span class='ocrx_word' id='word_1_84' title='bbox 1317 1838 1453 1920; x_wconf 90' lang='lat' dir='ltr'><strong>sbyterii</strong></span> <span class='ocrx_word' id='word_1_85' title='bbox 1475 1838 1590 1902; x_wconf 90' lang='lat' dir='ltr'><strong>ordine</strong></span> <span class='ocrx_word' id='word_1_86' title='bbox 1607 1837 1663 1901; x_wconf 93' lang='lat' dir='ltr'><strong>ubi</strong></span> <span class='ocrx_word' id='word_1_87' title='bbox 1680 1838 1770 1920; x_wconf 91' lang='lat' dir='ltr'><strong>prius</strong></span> <span class='ocrx_word' id='word_1_88' title='bbox 1784 1837 1912 1902; x_wconf 81' lang='lat' dir='ltr'><strong>fuerant</strong></span> <span class='ocrx_word' id='word_1_89' title='bbox 1933 1848 1972 1905; x_wconf 89' lang='lat' dir='ltr'><strong>ut</strong></span> 
     </span>
     <span class='ocr_line' id='line_1_19' title="bbox 1317 1941 1971 2024; baseline 0.002 -19"><span class='ocrx_word' id='word_1_90' title='bbox 1317 1942 1522 2024; x_wconf 89' lang='lat' dir='ltr'><strong>praesbyteri</strong></span> <span class='ocrx_word' id='word_1_91' title='bbox 1538 1942 1690 2019; x_wconf 91' lang='lat' dir='ltr'><strong>residere,</strong></span> <span class='ocrx_word' id='word_1_92' title='bbox 1706 1961 1772 2005; x_wconf 90' lang='lat' dir='ltr'><strong>non</strong></span> <span class='ocrx_word' id='word_1_93' title='bbox 1787 1941 1971 2006; x_wconf 91' lang='lat' dir='ltr'><strong>abiciantur</strong></span> 
     </span>
    </p>
   </div>
   <div class='ocr_carea' id='block_1_5' title="bbox 520 2045 1970 2130">
    <p class='ocr_par' dir='ltr' id='par_1_10' title="bbox 520 2045 1970 2130">
     <span class='ocr_line' id='line_1_20' title="bbox 520 2045 1970 2130; baseline 0.002 -23"><span class='ocrx_word' id='word_1_94' title='bbox 520 2070 551 2107; x_wconf 88' lang='lat' dir='ltr'><strong>lo</strong></span> <span class='ocrx_word' id='word_1_95' title='bbox 563 2045 756 2127; x_wconf 89' lang='lat' dir='ltr'><strong>praesbiteri</strong></span> <span class='ocrx_word' id='word_1_96' title='bbox 779 2045 929 2124; x_wconf 88' lang='lat' dir='ltr'><strong>residere,</strong></span> <span class='ocrx_word' id='word_1_97' title='bbox 941 2066 1008 2109; x_wconf 92' lang='lat' dir='ltr'><strong>non</strong></span> <span class='ocrx_word' id='word_1_98' title='bbox 1031 2045 1215 2111; x_wconf 90' lang='lat' dir='ltr'><strong>abiciantur</strong></span> <span class='ocrx_word' id='word_1_99' title='bbox 1275 2070 1307 2108; x_wconf 89' lang='lat'><strong>10</strong></span> <span class='ocrx_word' id='word_1_100' title='bbox 1319 2045 1451 2130; x_wconf 91' lang='lat' dir='ltr'><strong>propria</strong></span> <span class='ocrx_word' id='word_1_101' title='bbox 1472 2045 1653 2128; x_wconf 86' lang='lat' dir='ltr'><strong>dignitate:</strong></span> <span class='ocrx_word' id='word_1_102' title='bbox 1674 2045 1702 2109; x_wconf 90' lang='lat' dir='ltr'><strong>si</strong></span> <span class='ocrx_word' id='word_1_103' title='bbox 1720 2056 1833 2110; x_wconf 88' lang='lat' dir='ltr'><strong>autem</strong></span> <span class='ocrx_word' id='word_1_104' title='bbox 1857 2046 1970 2112; x_wconf 91' lang='lat' dir='ltr'><strong>sediti·</strong></span> 
     </span>
    </p>
   </div>
   <div class='ocr_carea' id='block_1_6' title="bbox 560 2149 1214 2234">
    <p class='ocr_par' dir='ltr' id='par_1_11' title="bbox 560 2149 1214 2234">
     <span class='ocr_line' id='line_1_21' title="bbox 560 2149 1214 2234; baseline -0.002 -19"><span class='ocrx_word' id='word_1_105' title='bbox 560 2171 581 2215; x_wconf 91' lang='lat' dir='ltr'><strong>a</strong></span> <span class='ocrx_word' id='word_1_106' title='bbox 602 2149 736 2234; x_wconf 90' lang='lat' dir='ltr'><strong>propria</strong></span> <span class='ocrx_word' id='word_1_107' title='bbox 752 2149 931 2233; x_wconf 81' lang='lat' dir='ltr'><strong>dignitate:</strong></span> <span class='ocrx_word' id='word_1_108' title='bbox 954 2151 1045 2232; x_wconf 92' lang='lat' dir='ltr'><strong>quod</strong></span> <span class='ocrx_word' id='word_1_109' title='bbox 1065 2149 1093 2213; x_wconf 91' lang='lat' dir='ltr'><strong>si</strong></span> <span class='ocrx_word' id='word_1_110' title='bbox 1113 2150 1214 2215; x_wconf 89' lang='lat' dir='ltr'><strong>etiarn</strong></span> 
     </span>
    </p>
   </div>
   <div class='ocr_carea' id='block_1_7' title="bbox 444 2399 1221 2821">
    <p class='ocr_par' dir='ltr' id='par_1_12' title="bbox 444 2399 1213 2558">
     <span class='ocr_line' id='line_1_22' title="bbox 444 2399 1213 2472; baseline -0.003 -12"><span class='ocrx_word' id='word_1_111' title='bbox 444 2409 504 2460; x_wconf 85' lang='grc' dir='ltr'><strong>ΜΒ</strong></span> <span class='ocrx_word' id='word_1_112' title='bbox 553 2415 578 2454; x_wconf 89' lang='lat'><strong>2.</strong></span> <span class='ocrx_word' id='word_1_113' title='bbox 594 2399 741 2456; x_wconf 86' lang='lat' dir='ltr'><strong>fueruntB</strong></span> <span class='ocrx_word' id='word_1_114' title='bbox 798 2413 821 2472; x_wconf 83' lang='lat'><strong>5.</strong></span> <span class='ocrx_word' id='word_1_115' title='bbox 835 2418 931 2457; x_wconf 86' lang='lat' dir='ltr'><strong>eorum</strong></span> <span class='ocrx_word' id='word_1_116' title='bbox 942 2400 992 2456; x_wconf 84' lang='grc' dir='ltr'><strong>Μ*</strong></span> <span class='ocrx_word' id='word_1_117' title='bbox 1067 2401 1213 2458; x_wconf 88' lang='lat' dir='ltr'><strong>seditionis</strong></span> 
     </span>
     <span class='ocr_line' id='line_1_23' title="bbox 554 2487 1212 2558; baseline 0.003 -16"><span class='ocrx_word' id='word_1_118' title='bbox 554 2489 585 2542; x_wconf 90' lang='lat' dir='ltr'>M</span> <span class='ocrx_word' id='word_1_119' title='bbox 693 2488 718 2542; x_wconf 84' lang='lat'><strong>8.</strong></span> <span class='ocrx_word' id='word_1_120' title='bbox 731 2487 886 2558; x_wconf 89' lang='lat' dir='ltr'><strong>presbiterii</strong></span> <span class='ocrx_word' id='word_1_121' title='bbox 901 2489 932 2543; x_wconf 91' lang='lat' dir='ltr'>M</span> <span class='ocrx_word' id='word_1_122' title='bbox 1048 2488 1212 2544; x_wconf 88' lang='lat' dir='ltr'><strong>ordinemB</strong></span> 
     </span>
    </p>

    <p class='ocr_par' dir='ltr' id='par_1_13' title="bbox 497 2576 1221 2735">
     <span class='ocr_line' id='line_1_24' title="bbox 497 2576 1221 2649; baseline 0.006 -21"><span class='ocrx_word' id='word_1_123' title='bbox 497 2584 501 2593; x_wconf 89' lang='lat'>&#39;</span> <span class='ocrx_word' id='word_1_124' title='bbox 551 2589 578 2644; x_wconf 90' lang='lat'><strong>9.</strong></span> <span class='ocrx_word' id='word_1_125' title='bbox 595 2578 685 2640; x_wconf 83' lang='lat' dir='ltr'><strong>prius</strong></span> <span class='ocrx_word' id='word_1_126' title='bbox 702 2577 829 2631; x_wconf 67' lang='lat' dir='ltr'><strong>morant</strong></span> <span class='ocrx_word' id='word_1_127' title='bbox 845 2578 948 2647; x_wconf 63' lang='lat' dir='ltr'><strong>scripsi</strong></span> <span class='ocrx_word' id='word_1_128' title='bbox 963 2592 1026 2630; x_wconf 86' lang='lat' dir='ltr'><strong>cum</strong></span> <span class='ocrx_word' id='word_1_129' title='bbox 1039 2577 1117 2630; x_wconf 84' lang='lat' dir='ltr'><strong>Dion</strong></span> <span class='ocrx_word' id='word_1_130' title='bbox 1131 2578 1160 2632; x_wconf 93' lang='lat'><strong>11</strong></span> <span class='ocrx_word' id='word_1_131' title='bbox 1176 2576 1221 2649; x_wconf 84' lang='lat' dir='ltr'><strong>(cf</strong></span> 
     </span>
     <span class='ocr_line' id='line_1_25' title="bbox 550 2661 1213 2735; baseline 0.006 -18"><span class='ocrx_word' id='word_1_132' title='bbox 550 2661 723 2734; x_wconf 66' lang='lat' dir='ltr'><strong>Irr‘duulgl:</strong></span> <span class='ocrx_word' id='word_1_133' title='bbox 742 2663 850 2719; x_wconf 76' lang='lat' dir='ltr'><strong>fuerant</strong></span> <span class='ocrx_word' id='word_1_134' title='bbox 868 2663 946 2734; x_wconf 89' lang='lat' dir='ltr'><strong>prius</strong></span> <span class='ocrx_word' id='word_1_135' title='bbox 959 2665 990 2719; x_wconf 92' lang='lat' dir='ltr'>M</span> <span class='ocrx_word' id='word_1_136' title='bbox 1010 2663 1087 2735; x_wconf 87' lang='lat' dir='ltr'><strong>prius</strong></span> <span class='ocrx_word' id='word_1_137' title='bbox 1101 2665 1213 2721; x_wconf 82' lang='lat' dir='ltr'><strong>fuenrnt</strong></span> 
     </span>
    </p>

    <p class='ocr_par' dir='ltr' id='par_1_14' title="bbox 551 2751 1212 2821">
     <span class='ocr_line' id='line_1_26' title="bbox 551 2751 1212 2821; baseline 0.008 -17"><span class='ocrx_word' id='word_1_138' title='bbox 551 2752 575 2804; x_wconf 93' lang='lat' dir='ltr'>B</span> <span class='ocrx_word' id='word_1_139' title='bbox 703 2765 743 2806; x_wconf 87' lang='grc' dir='ltr'><strong>ιο.</strong></span> <span class='ocrx_word' id='word_1_140' title='bbox 755 2751 901 2821; x_wconf 87' lang='lat' dir='ltr'><strong>presbiteri</strong></span> <span class='ocrx_word' id='word_1_141' title='bbox 915 2753 946 2806; x_wconf 88' lang='lat' dir='ltr'>M</span> <span class='ocrx_word' id='word_1_142' title='bbox 1080 2766 1121 2808; x_wconf 87' lang='lat'><strong>11.</strong></span> <span class='ocrx_word' id='word_1_143' title='bbox 1139 2769 1212 2818; x_wconf 78' lang='lat' dir='ltr'><strong>pao·</strong></span> 
     </span>
    </p>
   </div>
   <div class='ocr_carea' id='block_1_8' title="bbox 549 2838 1210 2911">
    <p class='ocr_par' dir='ltr' id='par_1_15' title="bbox 549 2838 1210 2911">
     <span class='ocr_line' id='line_1_27' title="bbox 549 2838 1210 2911; baseline 0.002 -16"><span class='ocrx_word' id='word_1_144' title='bbox 549 2843 621 2904; x_wconf 76' lang='lat' dir='ltr'><strong>pris</strong></span> <span class='ocrx_word' id='word_1_145' title='bbox 633 2840 666 2908; x_wconf 89' lang='lat' dir='ltr'><strong>B,</strong></span> <span class='ocrx_word' id='word_1_146' title='bbox 678 2838 866 2911; x_wconf 61' lang='lat' dir='ltr'><strong>essen-uulg</strong></span> <span class='ocrx_word' id='word_1_147' title='bbox 878 2845 907 2895; x_wconf 83' lang='lat' dir='ltr'><strong>ct</strong></span> <span class='ocrx_word' id='word_1_148' title='bbox 916 2840 995 2894; x_wconf 83' lang='lat' dir='ltr'><strong>Dion</strong></span> <span class='ocrx_word' id='word_1_149' title='bbox 1008 2840 1054 2894; x_wconf 90' lang='lat'><strong>11:</strong></span> <span class='ocrx_word' id='word_1_150' title='bbox 1073 2839 1165 2911; x_wconf 88' lang='lat' dir='ltr'><strong>priore</strong></span> <span class='ocrx_word' id='word_1_151' title='bbox 1178 2842 1210 2896; x_wconf 91' lang='lat' dir='ltr'><strong>M</strong></span> 
     </span>
    </p>
   </div>
   <div class='ocr_carea' id='block_1_9' title="bbox 604 4473 1129 4554">
    <p class='ocr_par' dir='ltr' id='par_1_16' title="bbox 604 4473 1129 4554">
     <span class='ocr_line' id='line_1_28' title="bbox 604 4473 1129 4554; baseline 0.008 -16"><span class='ocrx_word' id='word_1_152' title='bbox 604 4473 655 4539; x_wconf 94' lang='lat' dir='ltr'><strong>IV</strong></span> <span class='ocrx_word' id='word_1_153' title='bbox 670 4481 798 4539; x_wconf 84' lang='lat' dir='ltr'><strong>Isidori</strong></span> <span class='ocrx_word' id='word_1_154' title='bbox 812 4483 959 4552; x_wconf 85' lang='lat' dir='ltr'><strong>epitome</strong></span> <span class='ocrx_word' id='word_1_155' title='bbox 974 4483 1129 4554; x_wconf 76' lang='lat' dir='ltr'><strong>Hispone</strong></span> 
     </span>
    </p>
   </div>
   <div class='ocr_carea' id='block_1_10' title="bbox 512 4611 1210 4885">
    <p class='ocr_par' dir='ltr' id='par_1_17' title="bbox 512 4611 1210 4885">
     <span class='ocr_line' id='line_1_29' title="bbox 512 4611 1210 4698; baseline 0.01 -25"><span class='ocrx_word' id='word_1_156' title='bbox 512 4624 599 4674; x_wconf 86' lang='lat' dir='ltr'>x1111</span> <span class='ocrx_word' id='word_1_157' title='bbox 616 4611 801 4697; x_wconf 91' lang='lat' dir='ltr'><strong>Episcopus</strong></span> <span class='ocrx_word' id='word_1_158' title='bbox 815 4612 842 4677; x_wconf 95' lang='lat' dir='ltr'><strong>si</strong></span> <span class='ocrx_word' id='word_1_159' title='bbox 862 4624 1017 4698; x_wconf 90' lang='lat' dir='ltr'><strong>acceptus</strong></span> <span class='ocrx_word' id='word_1_160' title='bbox 1031 4634 1098 4679; x_wconf 91' lang='lat' dir='ltr'><strong>non</strong></span> <span class='ocrx_word' id='word_1_161' title='bbox 1114 4612 1210 4680; x_wconf 87' lang='lat' dir='ltr'><strong>luerit</strong></span> 
     </span>
     <span class='ocr_line' id='line_1_30' title="bbox 556 4714 1210 4802; baseline 0.008 -24"><span class='ocrx_word' id='word_1_162' title='bbox 556 4714 613 4778; x_wconf 90' lang='lat' dir='ltr'><strong>ubi</strong></span> <span class='ocrx_word' id='word_1_163' title='bbox 642 4717 812 4782; x_wconf 90' lang='lat' dir='ltr'><strong>ordinatus</strong></span> <span class='ocrx_word' id='word_1_164' title='bbox 839 4716 947 4794; x_wconf 88' lang='lat' dir='ltr'><strong>luerit,</strong></span> <span class='ocrx_word' id='word_1_165' title='bbox 969 4719 1142 4802; x_wconf 91' lang='lat' dir='ltr'><strong>presbyter</strong></span> <span class='ocrx_word' id='word_1_166' title='bbox 1166 4719 1210 4783; x_wconf 92' lang='lat' dir='ltr'><strong>sit</strong></span> 
     </span>
     <span class='ocr_line' id='line_1_31' title="bbox 555 4819 824 4885; baseline -0.004 -2"><span class='ocrx_word' id='word_1_167' title='bbox 555 4820 589 4883; x_wconf 89' lang='lat' dir='ltr'><strong>in</strong></span> <span class='ocrx_word' id='word_1_168' title='bbox 604 4819 740 4885; x_wconf 88' lang='lat' dir='ltr'><strong>ecclesia</strong></span> <span class='ocrx_word' id='word_1_169' title='bbox 754 4839 824 4883; x_wconf 90' lang='lat' dir='ltr'><strong>sua.</strong></span> 
     </span>
    </p>
   </div>
   <div class='ocr_carea' id='block_1_11' title="bbox 422 5007 941 5149">
    <p class='ocr_par' dir='ltr' id='par_1_18' title="bbox 422 5007 941 5149">
     <span class='ocr_line' id='line_1_32' title="bbox 422 5007 864 5066; baseline -0.02 0"><span class='ocrx_word' id='word_1_170' title='bbox 422 5012 499 5066; x_wconf 80' lang='lat' dir='ltr'><strong>Uth</strong></span> <span class='ocrx_word' id='word_1_171' title='bbox 512 5018 579 5056; x_wconf 80' lang='lat' dir='ltr'><strong>xliii</strong></span> <span class='ocrx_word' id='word_1_172' title='bbox 599 5021 620 5057; x_wconf 79' lang='lat' dir='ltr'><strong>a.</strong></span> <span class='ocrx_word' id='word_1_173' title='bbox 637 5008 740 5059; x_wconf 76' lang='lat' dir='ltr'><strong>fuerit:</strong></span> <span class='ocrx_word' id='word_1_174' title='bbox 757 5008 835 5058; x_wconf 84' lang='lat' dir='ltr'><strong>luerat</strong></span> <span class='ocrx_word' id='word_1_175' title='bbox 847 5007 864 5056; x_wconf 83' lang='grc' dir='ltr'><strong>Ιι</strong></span> 
     </span>
     <span class='ocr_line' id='line_1_33' title="bbox 544 5086 941 5149; baseline 0.003 -13"><span class='ocrx_word' id='word_1_176' title='bbox 544 5088 583 5136; x_wconf 85' lang='lat' dir='ltr'><strong>sit</strong></span> <span class='ocrx_word' id='word_1_177' title='bbox 594 5103 600 5138; x_wconf 93' lang='lat'><strong>:</strong></span> <span class='ocrx_word' id='word_1_178' title='bbox 616 5101 656 5137; x_wconf 85' lang='lat' dir='ltr'><strong>om</strong></span> <span class='ocrx_word' id='word_1_179' title='bbox 668 5087 687 5135; x_wconf 92' lang='lat' dir='ltr'>Z</span> <span class='ocrx_word' id='word_1_180' title='bbox 771 5100 794 5149; x_wconf 81' lang='lat'><strong>3.</strong></span> <span class='ocrx_word' id='word_1_181' title='bbox 810 5086 905 5137; x_wconf 80' lang='lat' dir='ltr'><strong>eccesia</strong></span> <span class='ocrx_word' id='word_1_182' title='bbox 916 5086 941 5137; x_wconf 91' lang='lat' dir='ltr'><strong>U</strong></span> 
     </span>
    </p>
   </div>
   <div class='ocr_carea' id='block_1_12' title="bbox 1021 5008 1211 5139">
    <p class='ocr_par' dir='ltr' id='par_1_19' title="bbox 1021 5008 1211 5139">
     <span class='ocr_line' id='line_1_34' title="bbox 1027 5008 1211 5075; baseline 0 -17"><span class='ocrx_word' id='word_1_183' title='bbox 1027 5008 1075 5075; x_wconf 89' lang='lat' dir='ltr'><strong>prb</strong></span> <span class='ocrx_word' id='word_1_184' title='bbox 1086 5008 1110 5060; x_wconf 90' lang='lat' dir='ltr'><strong>U</strong></span> <span class='ocrx_word' id='word_1_185' title='bbox 1121 5009 1211 5075; x_wconf 86' lang='lat' dir='ltr'><strong>prer</strong></span> 
     </span>
     <span class='ocr_line' id='line_1_35' title="bbox 1021 5086 1174 5139; baseline 0 -2"><span class='ocrx_word' id='word_1_186' title='bbox 1021 5103 1088 5139; x_wconf 81' lang='lat' dir='ltr'><strong>sus:</strong></span> <span class='ocrx_word' id='word_1_187' title='bbox 1105 5086 1174 5139; x_wconf 74' lang='lat' dir='ltr'><strong>emh</strong></span> 
     </span>
    </p>
   </div>
   <div class='ocr_carea' id='block_1_13' title="bbox 1306 2403 2119 2998">
    <p class='ocr_par' dir='ltr' id='par_1_20' title="bbox 1306 2403 2119 2740">
     <span class='ocr_line' id='line_1_36' title="bbox 1308 2403 2119 2476; baseline -0.004 -14"><span class='ocrx_word' id='word_1_188' title='bbox 1308 2419 1333 2474; x_wconf 84' lang='lat'><strong>3.</strong></span> <span class='ocrx_word' id='word_1_189' title='bbox 1345 2406 1455 2462; x_wconf 81' lang='lat' dir='ltr'><strong>fuerunt</strong></span> <span class='ocrx_word' id='word_1_190' title='bbox 1468 2404 1552 2476; x_wconf 75' lang='lat' dir='ltr'><strong>cry*</strong></span> <span class='ocrx_word' id='word_1_191' title='bbox 1610 2404 1867 2476; x_wconf 72' lang='lat' dir='ltr'><strong>quealrorxr&#39;nras</strong></span> <span class='ocrx_word' id='word_1_192' title='bbox 1876 2403 1968 2474; x_wconf 76' lang='lat' dir='ltr'><strong>(occu</strong></span> <span class='ocrx_word' id='word_1_193' title='bbox 1981 2413 2026 2459; x_wconf 83' lang='grc' dir='ltr'><strong>Λα</strong></span> <span class='ocrx_word' id='word_1_194' title='bbox 2026 2409 2119 2474; x_wconf 83' lang='lat' dir='ltr'><strong>jlms</strong></span> 
     </span>
     <span class='ocr_line' id='line_1_37' title="bbox 1307 2475 2115 2564; baseline -0.002 -15"><span class='ocrx_word' id='word_1_195' title='bbox 1307 2493 1432 2564; x_wconf 75' lang='lat' dir='ltr'><strong>parer*)</strong></span> <span class='ocrx_word' id='word_1_196' title='bbox 1515 2493 1708 2560; x_wconf 77' lang='lat' dir='ltr'><strong>7.si:omx*</strong></span> <span class='ocrx_word' id='word_1_197' title='bbox 1795 2475 2115 2548; x_wconf 71' lang='lat' dir='ltr'><strong>8.ord1no:⁰⁶⁷⁸&lt;‘</strong></span> 
     </span>
     <span class='ocr_line' id='line_1_38' title="bbox 1306 2540 2050 2651; baseline 0 -15"><span class='ocrx_word' id='word_1_198' title='bbox 1306 2583 1406 2637; x_wconf 69' lang='lat' dir='ltr'><strong>ordine</strong></span> <span class='ocrx_word' id='word_1_199' title='bbox 1417 2583 1449 2635; x_wconf 84' lang='lat' dir='ltr'><strong>in</strong></span> <span class='ocrx_word' id='word_1_200' title='bbox 1461 2598 1510 2636; x_wconf 86' lang='lat' dir='ltr'><strong>ras</strong></span> <span class='ocrx_word' id='word_1_201' title='bbox 1521 2599 1536 2636; x_wconf 89' lang='lat' dir='ltr'><strong>s</strong></span> <span class='ocrx_word' id='word_1_202' title='bbox 1548 2579 1611 2650; x_wconf 81' lang='lat' dir='ltr'><strong>(sed</strong></span> <span class='ocrx_word' id='word_1_203' title='bbox 1619 2597 1683 2636; x_wconf 80' lang='lat' dir='ltr'><strong>corr</strong></span> <span class='ocrx_word' id='word_1_204' title='bbox 1691 2598 1719 2634; x_wconf 89' lang='lat' dir='ltr'><em>m</em></span> <span class='ocrx_word' id='word_1_205' title='bbox 1726 2579 1780 2651; x_wconf 73' lang='lat' dir='ltr'><strong>pl:</strong></span> <span class='ocrx_word' id='word_1_206' title='bbox 1798 2591 1821 2638; x_wconf 83' lang='lat'><strong>÷</strong></span> <span class='ocrx_word' id='word_1_207' title='bbox 1836 2580 1864 2636; x_wconf 87' lang='lat' dir='ltr'><strong>in</strong></span> <span class='ocrx_word' id='word_1_208' title='bbox 1877 2582 1967 2636; x_wconf 90' lang='lat' dir='ltr'><strong>eccle·</strong></span> <span class='ocrx_word' id='word_1_209' title='bbox 1981 2540 2050 2592; x_wconf 52' lang='grc' dir='ltr'><strong>ΟΜ</strong></span> 
     </span>
     <span class='ocr_line' id='line_1_39' title="bbox 1307 2666 1966 2740; baseline 0 -16"><span class='ocrx_word' id='word_1_210' title='bbox 1307 2668 1444 2724; x_wconf 78' lang='lat' dir='ltr'><strong>siamad*</strong></span> <span class='ocrx_word' id='word_1_211' title='bbox 1457 2669 1485 2724; x_wconf 92' lang='lat' dir='ltr'><strong>in</strong></span> <span class='ocrx_word' id='word_1_212' title='bbox 1494 2666 1677 2736; x_wconf 75' lang='lat' dir='ltr'><strong>ccdesiald²,</strong></span> <span class='ocrx_word' id='word_1_213' title='bbox 1690 2668 1724 2740; x_wconf 90' lang='lat' dir='ltr'><strong>cs</strong></span> <span class='ocrx_word' id='word_1_214' title='bbox 1728 2670 1806 2723; x_wconf 82' lang='lat' dir='ltr'><strong>Drim</strong></span> <span class='ocrx_word' id='word_1_215' title='bbox 1817 2669 1828 2723; x_wconf 95' lang='lat'>1</span> <span class='ocrx_word' id='word_1_216' title='bbox 1915 2674 1966 2725; x_wconf 83' lang='lat' dir='ltr'><strong>ut:</strong></span> 
     </span>
    </p>

    <p class='ocr_par' dir='ltr' id='par_1_21' title="bbox 1306 2755 1966 2998">
     <span class='ocr_line' id='line_1_40' title="bbox 1306 2755 1966 2827; baseline 0.005 -16"><span class='ocrx_word' id='word_1_217' title='bbox 1306 2775 1351 2811; x_wconf 83' lang='lat' dir='ltr'><strong>om</strong></span> <span class='ocrx_word' id='word_1_218' title='bbox 1361 2756 1392 2810; x_wconf 81' lang='grc' dir='ltr'><strong>δ*</strong></span> <span class='ocrx_word' id='word_1_219' title='bbox 1465 2770 1490 2825; x_wconf 89' lang='grc'><strong>9.</strong></span> <span class='ocrx_word' id='word_1_220' title='bbox 1503 2755 1658 2827; x_wconf 88' lang='lat' dir='ltr'><strong>presbiterii</strong></span> <span class='ocrx_word' id='word_1_221' title='bbox 1671 2773 1699 2810; x_wconf 89' lang='lat' dir='ltr'><em>m</em></span> <span class='ocrx_word' id='word_1_222' title='bbox 1708 2756 1744 2821; x_wconf 79' lang='grc' dir='ltr'><strong>β*</strong></span> <span class='ocrx_word' id='word_1_223' title='bbox 1810 2759 1966 2814; x_wconf 79' lang='lat' dir='ltr'><strong>resideas:</strong></span> 
     </span>
     <span class='ocr_line' id='line_1_41' title="bbox 1306 2843 1515 2914; baseline -0.005 -16"><span class='ocrx_word' id='word_1_224' title='bbox 1306 2843 1515 2914; x_wconf 72' lang='lat' dir='ltr'><strong>presederelx*</strong></span> 
     </span>
     <span class='ocr_line' id='line_1_42' title="bbox 1308 2926 1503 2998; baseline 0 -16"><span class='ocrx_word' id='word_1_225' title='bbox 1308 2926 1352 2998; x_wconf 82' lang='lat' dir='ltr'><strong>(cf</strong></span> <span class='ocrx_word' id='word_1_226' title='bbox 1356 2928 1435 2982; x_wconf 84' lang='lat' dir='ltr'><strong>Dion</strong></span> <span class='ocrx_word' id='word_1_227' title='bbox 1450 2926 1474 2997; x_wconf 91' lang='lat' dir='ltr'><strong>l)</strong></span> <span class='ocrx_word' id='word_1_228' title='bbox 1481 2927 1503 2998; x_wconf 92' lang='lat' dir='ltr'><strong><em>j</em></strong></span> 
     </span>
    </p>
   </div>
   <div class='ocr_carea' id='block_1_14' title="bbox 1616 2847 1969 2985">
    <p class='ocr_par' dir='ltr' id='par_1_22' title="bbox 1616 2847 1969 2985">
     <span class='ocr_line' id='line_1_43' title="bbox 1616 2847 1969 2916; baseline 0.003 -17"><span class='ocrx_word' id='word_1_229' title='bbox 1616 2858 1658 2900; x_wconf 89' lang='lat'><strong>10.</strong></span> <span class='ocrx_word' id='word_1_230' title='bbox 1676 2847 1822 2910; x_wconf 83' lang='lat' dir='ltr'><strong>proprio:</strong></span> <span class='ocrx_word' id='word_1_231' title='bbox 1836 2849 1937 2916; x_wconf 78' lang='lat' dir='ltr'><strong>praem</strong></span> <span class='ocrx_word' id='word_1_232' title='bbox 1950 2861 1969 2900; x_wconf 89' lang='lat' dir='ltr'><strong>a</strong></span> 
     </span>
     <span class='ocr_line' id='line_1_44' title="bbox 1670 2927 1969 2985; baseline 0 -1"><span class='ocrx_word' id='word_1_233' title='bbox 1670 2930 1860 2985; x_wconf 80' lang='lat' dir='ltr'><strong>seditiones:</strong></span> <span class='ocrx_word' id='word_1_234' title='bbox 1879 2945 1924 2984; x_wconf 85' lang='lat' dir='ltr'><strong>om</strong></span> <span class='ocrx_word' id='word_1_235' title='bbox 1936 2927 1969 2984; x_wconf 77' lang='grc' dir='ltr'><strong>κ*</strong></span> 
     </span>
    </p>
   </div>
   <div class='ocr_carea' id='block_1_15' title="bbox 1301 5008 2020 5230">
    <p class='ocr_par' dir='ltr' id='par_1_23' title="bbox 1301 5008 2020 5230">
     <span class='ocr_line' id='line_1_45' title="bbox 1304 5008 2020 5077; baseline 0.007 -19"><span class='ocrx_word' id='word_1_236' title='bbox 1304 5022 1326 5058; x_wconf 82' lang='lat' dir='ltr'><strong>a.</strong></span> <span class='ocrx_word' id='word_1_237' title='bbox 1338 5008 1493 5074; x_wconf 78' lang='lat' dir='ltr'><strong>parrochisl</strong></span> <span class='ocrx_word' id='word_1_238' title='bbox 1616 5027 1640 5076; x_wconf 70' lang='lat'>4</span> <span class='ocrx_word' id='word_1_239' title='bbox 1658 5027 1778 5077; x_wconf 79' lang='lat' dir='ltr'><strong>oocopsre</strong></span> <span class='ocrx_word' id='word_1_240' title='bbox 1788 5015 1810 5060; x_wconf 86' lang='grc' dir='ltr'><strong>Λ</strong></span> <span class='ocrx_word' id='word_1_241' title='bbox 1908 5026 1964 5077; x_wconf 84' lang='lat' dir='ltr'><strong>par·</strong></span> <span class='ocrx_word' id='word_1_242' title='bbox 1979 5011 2020 5063; x_wconf 83' lang='grc' dir='ltr'><strong>ΔΙ</strong></span> 
     </span>
     <span class='ocr_line' id='line_1_46' title="bbox 1302 5086 1966 5154; baseline 0.003 -16"><span class='ocrx_word' id='word_1_243' title='bbox 1302 5086 1425 5138; x_wconf 83' lang='lat' dir='ltr'><strong>rochiasl</strong></span> <span class='ocrx_word' id='word_1_244' title='bbox 1517 5103 1540 5154; x_wconf 83' lang='lat'><strong>5.</strong></span> <span class='ocrx_word' id='word_1_245' title='bbox 1558 5089 1744 5154; x_wconf 80' lang='lat' dir='ltr'><strong>praesolibusn</strong></span> <span class='ocrx_word' id='word_1_246' title='bbox 1838 5088 1966 5141; x_wconf 84' lang='lat' dir='ltr'><strong>seditionis</strong></span> 
     </span>
     <span class='ocr_line' id='line_1_47' title="bbox 1301 5164 1967 5230; baseline 0.006 -16"><span class='ocrx_word' id='word_1_247' title='bbox 1301 5164 1385 5230; x_wconf 56' lang='lat' dir='ltr'><strong>aar</strong></span> <span class='ocrx_word' id='word_1_248' title='bbox 1522 5165 1548 5217; x_wconf 90' lang='lat'><strong>⁶.</strong></span> <span class='ocrx_word' id='word_1_249' title='bbox 1564 5169 1680 5219; x_wconf 81' lang='lat' dir='ltr'><strong>aduersos</strong></span> <span class='ocrx_word' id='word_1_250' title='bbox 1692 5173 1713 5218; x_wconf 77' lang='grc' dir='ltr'><strong>Δ</strong></span> <span class='ocrx_word' id='word_1_251' title='bbox 1851 5170 1921 5219; x_wconf 82' lang='lat' dir='ltr'><strong>hos:</strong></span> <span class='ocrx_word' id='word_1_252' title='bbox 1937 5183 1967 5218; x_wconf 88' lang='lat' dir='ltr'><strong>os</strong></span> 
     </span>
    </p>
   </div>
   <div class='ocr_carea' id='block_1_16' title="bbox 1301 5245 1968 5313">
    <p class='ocr_par' dir='ltr' id='par_1_24' title="bbox 1301 5245 1968 5313">
     <span class='ocr_line' id='line_1_48' title="bbox 1301 5245 1968 5313; baseline 0 -18"><span class='ocrx_word' id='word_1_253' title='bbox 1301 5259 1321 5307; x_wconf 79' lang='grc' dir='ltr'><strong>γ</strong></span> <span class='ocrx_word' id='word_1_254' title='bbox 1403 5255 1427 5309; x_wconf 78' lang='lat'><strong>7.</strong></span> <span class='ocrx_word' id='word_1_255' title='bbox 1442 5245 1641 5311; x_wconf 83' lang='lat' dir='ltr'><strong>prbrlltpbriil</strong></span> <span class='ocrx_word' id='word_1_256' title='bbox 1735 5261 1760 5313; x_wconf 88' lang='lat'><strong>9.</strong></span> <span class='ocrx_word' id='word_1_257' title='bbox 1776 5245 1873 5311; x_wconf 82' lang='lat' dir='ltr'><strong>pribln</strong></span> <span class='ocrx_word' id='word_1_258' title='bbox 1887 5245 1968 5311; x_wconf 85' lang='lat' dir='ltr'><strong>pbril</strong></span> 
     </span>
    </p>
   </div>
   <div class='ocr_carea' id='block_1_17' title="bbox 0 0 2468 6614">
    <p class='ocr_par' dir='ltr' id='par_1_25' title="bbox 0 0 2468 6614">
     <span class='ocr_line' id='line_1_49' title="bbox 0 0 2468 6614; baseline 0 2"><span class='ocrx_word' id='word_1_259' title='bbox 0 0 2468 6614; x_wconf 95' lang='lat' dir='ltr'><strong> </strong></span> 
     </span>
    </p>
   </div>
  </div>
 </body>
</html>
