4928 6614
1013 821 1298 885 PRAEFATIO
1875 809 1909 883 xi

412 1022 586 1096 collectan,
600 1020 790 1101 University
804 1021 845 1103 of
857 1019 1017 1102 Glasgoaa
1029 1031 1164 1085 curante
1180 1020 1220 1085 G.
1234 992 1445 1099 Macdonald,
1462 1021 1483 1083 ii
1495 1024 1579 1102 569:
1602 1020 1735 1084 Britrssrh
1747 1020 1910 1091 Murcum,

411 1123 606 1207 cataagues,
632 1123 737 1187 Greek
766 1121 861 1189 Coins
881 1124 922 1204 of
940 1122 1076 1188 Galatia
1101 1122 1297 1206 Cappadocia
1319 1123 1390 1186 and
1411 1122 1525 1205 Syria,
1548 1132 1684 1186 curante
1706 1121 1758 1184 W.
1783 1121 1911 1197 Wroth,

407 1249 429 1310 p
449 1229 510 1308 10).

473 1432 574 1516 Quod
591 1433 706 1497 ordine
724 1443 940 1517 praepostero
956 1433 1039 1499 hanc
1057 1434 1139 1498 tomi
1156 1433 1291 1498 secundi
1308 1433 1449 1515 primam
1473 1441 1601 1516 partem
1622 1442 1802 1515 antequam
1818 1442 1912 1497 tomo

410 1536 517 1618 primo
541 1537 614 1601 finis
637 1538 735 1602 datus
757 1538 801 1601 sit
825 1537 857 1600 in
882 1536 1050 1619 publicum
1073 1537 1248 1610 emiserim,
1271 1535 1329 1600 feci
1353 1546 1388 1601 ut
1412 1545 1446 1599 et
1468 1536 1550 1600 meis
1569 1546 1602 1600 et
1626 1537 1911 1620 typographorum

408 1641 591 1704 commodis
616 1640 831 1705 consulerem.
878 1661 953 1704 cum
983 1642 1070 1704 enim
1096 1639 1308 1705 conciliorum
1334 1638 1535 1721 Ancyritani
1564 1651 1598 1705 et
1625 1640 1913 1705 Neocaesariensis

408 1753 498 1809 totus
513 1743 579 1807 iere
595 1753 710 1808 textus
726 1753 759 1807 et
779 1744 880 1809 critici
901 1765 1000 1828 quern
1020 1754 1141 1808 uocant
1164 1755 1343 1827 apparatus
1366 1764 1441 1825 pars
1461 1745 1608 1809 maxima
1624 1754 1700 1808 ante
1716 1744 1777 1807 hos
1797 1744 1911 1808 decem

408 1868 511 1912 annos
527 1848 616 1929 typis
641 1848 884 1925 mandarentur,
901 1848 1031 1912 decreui
1054 1849 1143 1931 prius
1165 1849 1255 1930 quod
1278 1847 1403 1912 facilius
1426 1849 1576 1931 expediri
1602 1859 1715 1931 posset
1739 1848 1912 1913 absoluere

408 1970 516 2031 neque
540 1970 654 2013 uerum
680 1952 787 2032 operis
812 1952 959 2015 ordinem
988 1961 1193 2033 exspectare.
1239 1971 1360 2033 nempe
1386 1951 1515 2015 schedis
1541 1952 1737 2034 iampridem
1763 1952 1912 2016 tractatis

409 2063 510 2134 atque
540 2055 725 2119 retractatis
756 2055 905 2119 ultimam
938 2055 1101 2119 adducere
1131 2053 1245 2116 limam
1274 2054 1416 2117 officium
1442 2066 1512 2117 erat
1538 2054 1645 2117 multo
1674 2055 1787 2126 leuius,
1810 2074 1909 2136 quarn

409 2157 609 2237 appendices
633 2167 684 2222 tot
707 2168 741 2222 et
764 2167 833 2221 tam
855 2159 1000 2222 diuersas
1026 2160 1069 2222 ad
1096 2155 1269 2223 concilium
1295 2157 1478 2221 Nicaenum
1504 2158 1705 2239 pertinentes
1733 2158 1912 2239 disponere

410 2259 584 2323 emendare
600 2280 768 2326 recensere
783 2262 824 2325 ad
841 2262 968 2325 exitum
985 2261 1136 2344 perferre.

475 2363 566 2428 Inter
578 2363 738 2447 plurimos
748 2387 768 2429 a
779 2366 898 2447 quibus
910 2366 1041 2448 incepto
1055 2385 1129 2428 meo
1140 2365 1193 2429 uel
1209 2365 1285 2430 hinc
1297 2365 1348 2427 uel
1362 2364 1450 2429 illinc
1462 2366 1662 2430 subuentum
1675 2374 1736 2443 est,
1746 2366 1912 2448 singulare

331 2553 334 2559 .
409 2466 489 2550 mihi
516 2467 668 2551 praebuit
693 2468 863 2546 auxilium,
888 2480 923 2532 ut
946 2471 979 2533 in
1002 2481 1095 2534 tomo
1119 2469 1337 2552 praecedenti,
1361 2469 1408 2534 ita
1431 2469 1484 2534 hic
1507 2490 1640 2552 quoque
1669 2470 1840 2533 Aluredus
1867 2469 1913 2533 H.

410 2569 638 2635 Cruickshank
653 2569 904 2652 wintoniensia,
914 2574 970 2655 qui
986 2575 1018 2637 in
1035 2573 1200 2638 schedulis
1217 2575 1299 2636 meis
1315 2573 1462 2655 legendis
1474 2573 1639 2656 poliendis
1654 2573 1738 2637 adeo
1752 2573 1914 2638 iratemas

409 2672 572 2756 impendit
598 2696 693 2740 curas
719 2688 756 2742 ut
775 2686 921 2742 ueterem
942 2677 1121 2742 amicitiam
1143 2679 1239 2742 nouis
1258 2698 1389 2761 semper
1410 2679 1617 2742 documentis
1639 2678 1808 2742 instauret.
1854 2678 1912 2741 sed

408 2770 575 2843 crescente
591 2780 695 2844 indies
711 2780 834 2858 debito,
851 2782 941 2862 quod
958 2781 1042 2844 solui
1058 2800 1125 2845 non
1143 2790 1253 2864 potest
1268 2800 1543 2847 commemorasse
1559 2783 1640 2846 satis
1655 2782 1727 2845 erit.

473 2877 542 2961 Qui
561 2883 604 2957 de
619 2904 720 2967 opere
736 2903 813 2949 meo
834 2887 922 2968 apud
945 2885 1190 2967 ephemeridem
1213 2884 1280 2948 The
1298 2885 1425 2951 Charclz
1443 2885 1622 2967 Quarterly
1637 2885 1773 2949 Review
1789 2887 1915 2965 (mense

409 2983 533 3067 Aprili,
549 3001 581 3052 n.
592 3001 627 3050 1).
647 2990 743 3072 1905)
762 3008 892 3052 summa
911 2989 1056 3066 scientia,
1071 2989 1304 3054 beneuolentia
1320 3009 1385 3054 non
1402 2991 1537 3066 minore,
1554 2990 1914 3073 disputabat—nomen

410 3089 480 3153 eius
512 3109 588 3154 cum
623 3111 690 3156 non
724 3092 794 3175 ipse
831 3093 1059 3157 subnotauerit
1089 3093 1282 3159 taceo—id
1315 3093 1394 3156 mihi
1425 3093 1546 3157 obiecit
1577 3095 1667 3176 quod
1701 3093 1913 3159 conciliorum
1998 3137 2001 3142 -

410 3191 737 3276 interpretationibus
753 3197 881 3261 nonnisi
897 3206 1096 3281 apparatum
1111 3209 1145 3262 et
1165 3197 1398 3262 adnotationes
1420 3196 1639 3280 aliquantulas
1660 3197 1916 3274 subiunxissem,

409 3294 666 3383 historiographi
683 3319 803 3363 munus
818 3300 1079 3366 declinauissem.
1126 3303 1185 3365 sed
1200 3301 1352 3365 consulto
1368 3310 1402 3364 et
1423 3302 1475 3385 egi
1492 3312 1526 3366 et
1546 3321 1620 3385 ago.
1666 3303 1810 3385 primum
1826 3302 1913 3366 enirn

316 3418 319 3423 ’
409 3419 542 3466 necesse
563 3412 613 3466 est
632 3415 922 3468 monumentorum
939 3406 1150 3488 antiquorum
1168 3406 1351 3478 ueritatem,
1367 3405 1518 3469 codicum
1542 3405 1641 3488 plene
1663 3426 1804 3470 excusso
1819 3408 1911 3471 testi·

410 3504 532 3579 monio,
548 3506 591 3569 ad
611 3507 748 3571 uerbum
771 3509 968 3590 exprimere,
983 3508 1105 3572 deinde
1128 3530 1171 3572 ex
1196 3509 1235 3572 iis
1257 3528 1366 3571 rerum
1389 3518 1555 3590 gestarum
1576 3508 1747 3572 historiam
1763 3509 1912 3574 ordinem

410 3608 550 3671 rationes
564 3609 728 3692 colligere.
772 3611 857 3675 adeo
875 3612 906 3673 in
923 3612 1049 3675 incerto
1065 3622 1229 3695 estsuper
1245 3612 1356 3675 multis
1372 3613 1528 3677 iudicium
1547 3633 1669 3685 meum,
1686 3623 1721 3676 ut
1739 3611 1837 3677 uelim
1854 3634 1913 3698 per

409 3711 584 3776 nonnullos
600 3713 707 3778 adhuc
723 3734 827 3779 annos
841 3734 1019 3797 congerere
1035 3716 1218 3793 materiam,
1234 3714 1364 3779 differre
1379 3717 1586 3780 sententiam.

469 3811 538 3879 Sed
554 3816 748 3899 prudentior
759 3819 816 3901 qui
827 3818 954 3883 minora
970 3820 1112 3901 spondet
1124 3819 1157 3881 in
1174 3818 1328 3884 futurum.
1353 3829 1501 3884 nostrum
1514 3829 1642 3883 nonest
1657 3821 1699 3883 de
1715 3821 1914 3902 complendo

409 3939 510 4002 opere
529 3919 663 4004 incepto
686 3921 782 3985 nimis
802 3921 979 4001 confidere,
994 3924 1053 3988 sed
1075 3924 1120 3987 ita
1145 3943 1204 4006 pro
1229 3922 1313 3986 uirili
1338 3932 1433 4006 parte
1456 3922 1604 3987 laborare
1628 3930 1664 3985 ut
1690 3932 1724 3986 et
1750 3924 1793 3987 de
1819 3924 1914 3988 nobis

409 4023 539 4087 dicatur
555 4022 635 4086 illud
656 4023 752 4103 Quod
763 4023 880 4090 habuit
884 4027 979 4109 fecit.

799 4178 841 4241 ln
848 4180 937 4261 festo
955 4179 991 4243 S.
1011 4179 1164 4263 Gregorii
1177 4179 1208 4242 Α
1213 4181 1366 4263 nglorum
1381 4181 1523 4262 apostoli,

993 4322 1022 4363 a.
1035 4300 1066 4363 d.
1088 4313 1144 4364 1111
1161 4299 1243 4363 Idus
1258 4299 1409 4364 Martias
1434 4299 1532 4363 Arina
1553 4300 1684 4364 Salutis
1701 4316 1726 4364 Μ
1739 4316 1790 4364 CM
1806 4316 1866 4364 V11.
1952 4344 1955 4350 -
