4928 6614
359 873 422 944 viii
981 879 1268 944 PRAEFATIO

362 1017 564 1026 a———-.-.
577 1019 589 1023 ..
601 1019 605 1024 .
636 1017 645 1023 .
656 1017 662 1023 -
678 1017 692 1023 -
707 1017 777 1022 ---.---
815 1017 851 1022 -.-
861 1016 967 1022 ---...-
1367 1018 1397 1024 ,-
1773 1019 1810 1026 --

359 1081 569 1145 exstantibus
584 1080 723 1163 syllogis
741 1080 867 1144 Latinis
883 1079 1053 1162 collegerit
1071 1081 1182 1161 potius
1200 1089 1234 1143 et
1250 1081 1493 1145 adbreuiauerit
1509 1101 1609 1164 quarn
1630 1103 1673 1144 ex
1689 1101 1807 1164 graeco
1824 1084 1867 1147 de

358 1204 447 1248 nouo
470 1183 681 1249 transtulerit.
742 1204 849 1267 neque
872 1194 984 1248 tamen
1007 1194 1121 1248 nostra
1145 1204 1210 1248 uon
1235 1205 1436 1268 magnopere
1460 1178 1595 1250 interest
1617 1185 1698 1250 scire
1720 1206 1866 1268 quanam

357 1308 523 1354 canonum
544 1288 814 1369 interpretatione
834 1308 893 1351 usa
915 1287 959 1352 sit
981 1297 1080 1352 sexto
1098 1286 1230 1352 saeculo
1251 1286 1523 1372 Carthaginensis
1541 1287 1598 1352 illa
1616 1288 1761 1370 ecclesia,
1780 1308 1866 1370 quae

359 1412 440 1456 mox
463 1393 509 1456 ita
533 1391 679 1455 funditus
703 1412 818 1455 euersa
841 1401 892 1457 est
915 1401 951 1455 ut
974 1391 1105 1456 codices
1128 1390 1264 1472 originis
1286 1390 1466 1456 Africanae
1488 1393 1548 1456 uix
1571 1391 1627 1455 ulli
1648 1394 1690 1456 ad
1712 1413 1773 1456 nos
1793 1413 1866 1475 per-

357 1495 517 1561 uenerint.
551 1492 785 1564 intellexerunt
802 1494 1009 1578 iampridem
1022 1493 1138 1558 fratres
1152 1493 1306 1558 Ballerini
1320 1495 1523 1560 Ferrandum
1537 1516 1580 1559 ex
1595 1496 1865 1579 interpretatione

358 1620 443 1680 quae
459 1600 579 1663 dicitur
595 1598 713 1664 isidori
729 1598 887 1681 pleraque
902 1598 1064 1663 hausisse:
1081 1598 1179 1662 nobis
1193 1609 1315 1676 autern,
1325 1600 1445 1681 quibus
1462 1599 1580 1663 Isidori
1598 1599 1819 1663 recensionem
1831 1609 1865 1664 et

357 1701 528 1767 meliorem
544 1712 577 1766 et
593 1702 812 1784 antiquiorem
828 1702 984 1783 patefecit
1000 1702 1187 1765 Fridericus
1202 1700 1365 1779 Maassen,
1381 1701 1475 1766 facile
1491 1712 1541 1765 est
1557 1702 1669 1767 uidere
1683 1700 1729 1783 (et
1745 1703 1864 1765 mirum

356 1807 527 1889 quomodo
546 1806 655 1889 ipsum
678 1805 830 1870 Maassen
850 1805 995 1891 latuerit)
1015 1806 1183 1870 Ferrando
1200 1825 1266 1868 non
1285 1805 1456 1887 uulgatam
1474 1805 1593 1870 Isidori
1617 1808 1674 1870 sed
1698 1806 1864 1889 antiquio·

356 1929 424 1974 rem
449 1909 540 1974 illarn
570 1918 702 1991 praesto
727 1909 827 1973 fuisse
852 1909 1085 1973 recensionem.
1132 1928 1217 1991 quae
1239 1909 1393 1992 quamuis
1413 1907 1584 1991 uulgatam
1607 1920 1641 1974 et
1665 1909 1865 1991 antiquitate

356 2024 390 2078 et
406 2015 545 2080 ueritate
563 2014 750 2090 antecedat,
764 2033 900 2076 numero
922 2014 1074 2077 codicum
1097 2013 1223 2077 minore
1241 2011 1426 2076 stabilitur:
1451 2015 1538 2078 unde
1559 2013 1716 2077 libentius
1739 2033 1863 2076 nouum

354 2126 475 2181 testem
499 2116 703 2180 Ferrandum
732 2101 881 2194 adduxi,
893 2126 927 2181 et
952 2117 994 2180 ad
1023 2117 1124 2180 imam
1152 2115 1310 2198 paginam
1333 2116 1442 2180 textui
1468 2117 1585 2180 isidori
1609 2118 1863 2200 supponendum

354 2221 479 2286 curaui.
517 2221 624 2285 tribus
639 2220 818 2297 codicibus,
833 2221 924 2302 quod
942 2220 1054 2294 sciam,
1070 2221 1264 2284 adseruatur
1280 2219 1439 2284 Ferrandi
1455 2219 1603 2304 sylloge:
1627 2219 1862 2284 Corbeiensem

354 2323 441 2389 sexti
457 2324 578 2389 saeculi
596 2325 666 2407 ipse
683 2323 816 2388 Parisiis
831 2323 954 2388 contuli
970 2345 978 2401 ;
1000 2323 1253 2401 Vercellensem‚
1271 2343 1359 2387 nono
1376 2324 1579 2388 uindicatum
1596 2323 1738 2404 saeculo,
1751 2323 1863 2388 uidere

352 2427 461 2493 adhuc
478 2448 543 2491 non
560 2427 718 2512 contigit:
742 2428 889 2492 eiusdem
908 2428 1027 2491 aetatis
1047 2426 1386 2509 Montispessulanum
1407 2428 1440 2490 in
1454 2428 1625 2511 proposito
1644 2437 1715 2492 erat
1735 2428 1863 2492 exami-

353 2551 441 2611 nare,
471 2533 528 2596 sed
559 2532 621 2596 iter
650 2531 825 2596 facientem
854 2531 1059 2615 impediebat
1091 2530 1230 2595 fortuna.
1277 2551 1318 2593 ne
1345 2541 1458 2596 tamen
1488 2531 1617 2596 nonnisi
1650 2552 1716 2596 uno
1747 2533 1862 2596 codice

351 2633 521 2699 fulciretur
544 2635 646 2699 editio
670 2644 792 2715 nostra,
814 2656 872 2719 per
896 2635 1022 2699 litteras
1045 2635 1110 2698 adii
1135 2634 1402 2699 Maximilianum
1427 2635 1571 2714 Bonnet,
1587 2636 1619 2698 in
1636 2635 1862 2701 Vniuersitate

353 2737 656 2824 Montispessulana
679 2738 909 2822 professorem,
924 2739 1029 2802 uirum
1045 2738 1180 2821 quidem
1205 2738 1284 2802 mihi
1304 2739 1465 2820 ignotum,
1480 2739 1568 2803 fama
1587 2749 1659 2804 turn
1683 2740 1764 2804 mihi
1789 2749 1860 2804 turn

350 2843 505 2907 omnibus
524 2842 732 2908 Christianae
754 2842 962 2925 antiquitatis
984 2843 1142 2908 studiosis
1165 2842 1385 2907 notissimum.
1430 2843 1535 2908 multa
1553 2845 1595 2908 de
1619 2845 1689 2908 eius
1712 2845 1861 2910 bonitate

350 2947 541 3011 audiueram
558 2972 565 3009 :
590 2967 651 3011 nec
665 2948 791 3010 minora
802 2955 961 3029 expertus
976 2967 1059 3024 sum,
1073 2945 1129 3029 qui
1145 2955 1254 3011 totum
1270 2946 1475 3012 Ferrandum
1492 2968 1590 3013 manu
1606 2948 1675 3012 eius
1690 2949 1733 3012 de
1747 2948 1862 3014 codice

350 3051 554 3133 exscriptum
572 3053 764 3135 acciperem.

678 3220 745 3274 111.
792 3220 842 3275 De
866 3218 997 3287 origine
1021 3221 1056 3276 ot
1077 3218 1189 3287 patria
1211 3216 1371 3275 codicum
1392 3211 1410 3292 J
1436 3221 1471 3275 et
1493 3211 1534 3274 V.

415 3347 531 3412 Liceat
556 3347 635 3410 mihi
662 3348 715 3412 hic
739 3368 825 3411 noua
849 3347 1014 3430 quaedam
1039 3349 1081 3411 de
1105 3346 1236 3412 duobus
1260 3347 1429 3413 codicibus
1457 3347 1552 3430 quasi
1575 3367 1634 3430 per
1652 3350 1858 3432 prooemium

350 3451 519 3531 disserere,
535 3450 613 3514 alibi
631 3461 666 3515 ut
683 3472 779 3534 spero
797 3450 898 3515 fusius
913 3449 1108 3516 euoluenda.

417 3572 444 3617 1.
470 3552 589 3619 Codex
621 3564 733 3619 noster
762 3554 780 3636 J
812 3552 1027 3638 (Bodleianus
1057 3575 1075 3618 e
1106 3555 1192 3617 Mus.
1224 3552 1398 3634 roo-102),
1425 3555 1511 3619 circa
1541 3574 1664 3617 annum
1692 3556 1756 3617 600
1782 3567 1860 3638 post

349 3656 521 3722 Christum
549 3666 665 3721 natum
691 3657 841 3741 scriptus,
862 3657 904 3722 ad
933 3656 1180 3722 celeberrimam
1209 3658 1361 3722 coenobii
1391 3657 1611 3722 Floriacensis
1638 3659 1680 3722 ad
1712 3657 1857 3741 Ligerim

349 3760 585 3825 bibliothecam
610 3782 697 3825 nono
720 3748 853 3826 saeculo
877 3762 1042 3844 pertinuit,
1058 3770 1143 3825 teste
1162 3761 1218 3844 qui
1242 3783 1283 3826 eo
1307 3772 1458 3843 tempore
1476 3762 1611 3825 titulum
1636 3762 1678 3826 ad
1704 3761 1801 3826 finem
1826 3774 1858 3828 et

348 3864 478 3928 initium
496 3867 752 3947 quaternionum
769 3862 829 3948 (ita
845 3875 881 3929 ut
899 3867 930 3931 in
949 3865 1065 3930 ultima
1081 3866 1239 3948 cuiusque
1254 3864 1480 3947 quaternionis
1497 3865 1620 3945 pagina
1639 3865 1811 3930 incohatus
1826 3868 1858 3931 in

347 3967 488 4049 primam
512 3967 589 4030 noui
608 3969 832 4049 quaternionis
852 3965 1067 4053 producatur)
1083 3967 1281 4032 inscribebat
1300 3981 1364 4031 HIC
1385 3979 1452 4030 EST
1469 3979 1579 4030 LIBER
1596 3980 1729 4032 SANCTI
1746 3984 1858 4033 BENE·

348 4084 450 4134 lucar
472 4083 610 4133 aunan
634 4085 683 4133 oa
705 4085 886 4136 rnoxrnco
906 4086 1151 4138 nrouxsrsxu.
1198 4073 1288 4154 quod
1308 4070 1503 4135 coenobium
1523 4091 1598 4135 curn
1617 4092 1705 4136 anno
1723 4073 1857 4139 demum

348 4175 409 4255 667
427 4193 447 4237 a
464 4173 621 4238 Bathilda
643 4173 870 4240 Chlodouechi
888 4177 920 4239 ll
940 4196 1044 4240 uxore
1060 4174 1262 4253 fundaretur,
1278 4185 1370 4258 patet
1391 4176 1539 4239 codicem
1557 4184 1717 4253 nostrum,
1733 4187 1769 4241 ut
1786 4179 1858 4260 ipso

346 4277 510 4341 coenobio
546 4277 775 4359 antiquiorem,
806 4277 939 4342 aliunde
971 4278 1133 4361 originem
1171 4277 1332 4342 traxisse:
1371 4298 1478 4361 neque
1517 4277 1635 4342 dubito
1666 4279 1857 4363 (scripturae

344 4400 476 4463 genere,
494 4390 530 4444 ut
547 4390 637 4463 puto,
651 4401 715 4444 non
731 4379 956 4467 dissuadente)
968 4382 1047 4464 quin
1064 4402 1107 4445 ex
1125 4381 1222 4446 Italia
1235 4384 1277 4446 ad
1293 4402 1414 4447 nouam
1428 4382 1610 4447 ornandam
1623 4381 1855 4450 bibliothecam

346 4503 422 4548 cum
439 4484 510 4549 aliis
526 4484 676 4566 pluribus
691 4485 944 4567 exquisitus-sit.

413 4605 441 4651 2.
466 4587 585 4653 Codex
608 4598 719 4672 noster
741 4589 773 4652 V
797 4586 1011 4672 (Veronensis
1034 4588 1082 4652 lix
1105 4583 1193 4676 [57])
1210 4610 1316 4674 neque
1336 4601 1456 4656 octauo
1479 4590 1620 4671 saeculo,
1644 4603 1680 4655 ut
1700 4591 1855 4656 iudicauit

344 4690 520 4773 Augustus
541 4691 788 4771 Reifferscheid,
803 4693 853 4756 uir
869 4691 927 4756 tali
944 4692 1068 4756 muneri
1085 4692 1201 4774 impar,
1218 4713 1324 4775 neque
1340 4693 1494 4777 septimo,
1506 4704 1542 4759 ut
1560 4693 1675 4779 melius
1689 4694 1856 4761 Friderico

347 4793 501 4858 Maassen
519 4794 651 4877 placuit,
668 4796 856 4860 referendus
876 4805 937 4875 est,
952 4798 1010 4861 sed
1027 4796 1264 4879 posterioribus
1284 4797 1373 4860 sexti
1389 4798 1510 4862 saeculi
1530 4798 1632 4862 annis.
1678 4799 1711 4862 in
1731 4800 1855 4864 eximia

346 4898 499 4962 codicum
519 4899 729 4981 antiquorum
751 4901 856 4983 copia,
872 4901 1072 4965 Veronensis
1090 4901 1248 4966 ecclesiae
1267 4902 1384 4966 decore
1399 4911 1433 4966 et
1453 4912 1658 4977 ornamento,
1673 4902 1750 4968 hinc
1767 4903 1855 4968 illinc

345 5003 575 5067 coaceruanda
594 5003 719 5086 optime
738 5003 874 5068 meritus
895 5012 946 5068 est
964 5004 1096 5069 saeculo
1117 5013 1238 5069 octauo
1260 5002 1417 5071 Pacificus
1438 5005 1709 5071 archidiaconus:
1734 5007 1793 5071 sed
1812 5008 1855 5071 de

346 5115 419 5170 ortu
439 5114 471 5170 et
489 5105 659 5171 domicilio
675 5126 788 5171 eorum
808 5108 917 5191 prisco
937 5129 1054 5192 parum
1075 5117 1213 5174 constat.
1258 5118 1416 5192 quattuor
1435 5118 1546 5173 tamen
1564 5110 1712 5175 codicum
1727 5129 1855 5192 corpus,

343 5209 493 5274 eiusdem
517 5209 647 5287 aetatis,
663 5210 810 5275 eiusdem
833 5211 899 5276 fere
922 5213 1118 5295 argumenti,
1133 5213 1282 5278 eiusdem
1306 5212 1503 5295 plerumque
1525 5212 1715 5295 scripturae,
1740 5213 1855 5278 uideor

347 5312 427 5376 mihi
449 5333 515 5377 non
537 5312 679 5378 absurde
702 5313 753 5378 uel
778 5314 839 5396 ipsi
862 5314 1017 5379 Veronae
1041 5313 1093 5381 uel
1114 5315 1261 5380 finitimis
1284 5315 1401 5380 saltem
1428 5316 1616 5400 regionibus
1640 5317 1854 5397 adiudicare;

344 5415 469 5483 scilicet
487 5416 531 5503 (α)
546 5425 621 5482 acta
640 5417 767 5484 concilii
788 5417 1067 5485 Chalcedonensis
1086 5420 1267 5485 secundum
1288 5418 1416 5486 Rustici
1440 5416 1745 5504 interpretationem
1767 5423 1852 5489 circa
