4928 6614
1057 931 1347 996 PRAEFATIO
1925 924 1962 996 ix

458 1156 581 1201 annum
593 1147 657 1220 550
669 1134 860 1218 euulgatam
873 1130 1086 1218 (Vaticanum
1104 1149 1197 1218 1322,
1210 1133 1288 1197 olim
1298 1133 1538 1219 Veronensem)
1558 1153 1566 1211 ;
1589 1130 1632 1218 (b)
1647 1133 1795 1198 Facundi
1808 1133 1961 1199 Hermia-

462 1240 571 1304 nensis
592 1239 713 1303 librum
732 1249 797 1321 pro
817 1237 999 1322 defensione
1022 1238 1126 1302 trium
1147 1235 1365 1320 capitulorum
1388 1237 1518 1303 Rustici
1545 1237 1637 1319 operi
1660 1255 1820 1302 coaeuum
1844 1233 1960 1320 (Vero-

460 1362 595 1408 nensem
622 1341 668 1405 liii
693 1336 805 1429 [51]);
834 1339 877 1425 (c)
900 1350 974 1406 acta
1000 1360 1075 1405 cum
1099 1340 1249 1423 epistulis
1276 1342 1317 1404 de
1342 1340 1468 1406 Acacio
1493 1339 1862 1423 Constantinopolitano
1884 1340 1963 1405 defi·

460 1447 593 1513 nitionis
619 1444 897 1511 Chalcedonensis
921 1453 1153 1530 oppugnatore
1179 1445 1367 1527 conscripta
1388 1440 1511 1529 (neque
1535 1444 1578 1509 ab
1605 1464 1639 1508 re
1666 1443 1797 1508 uidetur
1827 1463 1898 1508 esse
1928 1444 1961 1507 in
2067 1448 2071 1456 '

460 1553 570 1634 priore
593 1550 690 1615 huius
708 1550 832 1616 codicis
854 1558 949 1635 parte
973 1548 1093 1614 librum
1118 1548 1341 1632 pontificalem
1368 1558 1511 1622 exstare,
1534 1549 1590 1612 ubi
1617 1567 1740 1612 nomen
1765 1547 1962 1631 Symmachi

457 1675 564 1738 papae
588 1654 633 1719 ob
657 1653 779 1720 delicta
806 1654 1021 1736 improbatur,
1044 1653 1203 1718 Laurenti
1227 1652 1348 1718 aemuli
1375 1653 1445 1716 eius
1471 1671 1549 1736 prae
1574 1652 1752 1716 uirtutibus
1777 1649 1961 1734 extollitur)

459 1759 504 1844 (V
504 1777 697 1825 eronensem
709 1758 782 1821 xxii
794 1752 884 1844 [20])
899 1778 907 1837 ;
926 1755 972 1842 (d)
983 1757 1131 1821 codicem
1143 1766 1301 1831 nostrum,
1312 1754 1465 1820 mutilum
1479 1755 1571 1819 illum
1583 1755 1719 1838 quidem
1733 1764 1767 1818 et
1777 1757 1821 1820 ad
1831 1755 1961 1820 initium

457 1871 491 1927 et
505 1863 549 1927 ad
566 1860 676 1938 finem,
692 1862 744 1925 cui
761 1862 872 1924 insunt
888 1859 992 1925 multa
1008 1861 1050 1924 ad
1067 1859 1276 1925 orthodoxae
1291 1860 1463 1924 doctrinae
1478 1859 1680 1943 praesidium
1695 1859 1765 1923 siue
1780 1879 1800 1922 e
1816 1860 1963 1925 conciliis

456 1967 527 2032 siue
550 1988 594 2031 ex
618 1965 766 2050 epistulis
788 1963 980 2048 pontificum
1004 1973 1170 2048 congesta.
1217 1964 1405 2048 prouinciae
1420 1963 1643 2047 Aquileiensis
1665 1963 1820 2028 ecclesias
1843 1963 1920 2030 inde
1942 1986 1962 2030 a

458 2070 569 2135 medio
586 2067 708 2134 saeculi
725 2069 812 2133 sexti
835 2088 896 2152 pro
916 2066 982 2133 fide
1004 2076 1038 2132 et
1059 2068 1148 2132 lama
1166 2066 1293 2133 concilii
1309 2066 1588 2133 Chalcedonensis
1606 2066 1762 2132 acerrime
1787 2067 1961 2132 Iustiniani

366 2181 369 2187 '
457 2173 665 2256 imperatoris
680 2172 796 2237 edictis
810 2180 844 2236 et
854 2171 968 2254 Vigilii
985 2191 1092 2255 papae
1106 2171 1285 2236 constituto
1301 2171 1467 2236 aduersari
1483 2190 1581 2235 nemo
1597 2181 1646 2235 est
1664 2170 1721 2253 qui
1737 2190 1804 2234 non
1820 2172 1960 2237 nouerit.

457 2278 681 2342 Veronensem
691 2274 1155 2357 ecclesiamcumAquileiensi
1166 2275 1199 2337 in
1209 2275 1279 2338 acie
1291 2275 1419 2340 stetisse
1427 2282 1593 2339 testantur
1602 2274 1961 2358 indicesepiscoporum

456 2381 514 2464 qui
531 2379 676 2445 conciliis
692 2379 903 2443 Istriensibus
919 2379 1145 2458 interfuerunt,
1157 2379 1281 2462 quippe
1295 2397 1381 2442 anno
1397 2390 1461 2458 579
1477 2378 1617 2442 concilio
1630 2376 1793 2442 Gradensi
1810 2376 1959 2444 Solatius

455 2482 656 2548 Veronensis
671 2480 928 2568 (Labbe·Coleti
950 2484 982 2547 vi
1004 2483 1069 2566 654
1092 2483 1204 2548 Mansi.
1224 2481 1260 2545 ix
1284 2480 1368 2564 926:
1392 2490 1468 2545 sunt
1486 2491 1599 2546 tamen
1618 2482 1675 2564 qui
1696 2481 1760 2547 hoc
1787 2482 1960 2548 concilium

456 2588 603 2671 spurium
633 2607 706 2652 esse
722 2581 976 2668 iudicauerint),
1003 2605 1092 2650 anno
1121 2586 1185 2668 589
1221 2584 1363 2651 concilio
1394 2585 1582 2651 Maranensi
1621 2586 1734 2650 Iunior
1760 2584 1962 2651 Veronensis

455 2689 711 2774 (Labbe·Coleti
727 2691 759 2754 vi
779 2704 842 2774 732
859 2689 968 2754 Mansi
984 2689 1020 2753 ix
1039 2686 1137 2774 1020)
1152 2710 1159 2768 ;
1181 2708 1269 2753 anno
1285 2702 1345 2771 591
1365 2686 1527 2773 epistulae
1544 2689 1587 2753 ad
1605 2688 1802 2755 Mauricium
1820 2690 1961 2774 impera·

454 2803 561 2859 torem
578 2795 678 2859 datae
692 2794 780 2859 idem
803 2793 916 2858 Iunior
930 2793 1125 2875 subscripsit
1142 2791 1396 2875 (Labbe·Coleti
1412 2791 1444 2854 vi
1462 2790 1545 2876 1328
1563 2792 1672 2857 Mansi
1687 2814 1712 2855 x
1728 2792 1817 2878 466).
1863 2794 1963 2858 credo

455 2899 569 2981 itaque
583 2898 645 2963 hos
661 2898 791 2963 codices
804 2898 972 2964 saeuiente
986 2896 1172 2975 certamine,
1187 2895 1375 2960 iubentibus
1390 2895 1429 2959 iis
1444 2895 1502 2978 qui
1519 2905 1553 2961 et
1568 2896 1632 2979 ipsi
1651 2896 1684 2959 in
1701 2898 1837 2981 negotio
1853 2897 1961 2982 impli-

454 3001 624 3078 cabantur,
640 3001 823 3084 descriptos
839 3021 912 3066 esse
926 3010 960 3066 et
976 3001 1009 3064 in
1024 3000 1150 3065 scriniis
1166 2999 1323 3064 ecclesiae
1338 2998 1538 3064 Veronensis
1555 2999 1744 3065 collocatos.

927 3170 990 3225 1v.
1025 3170 1075 3227 De
1098 3167 1209 3226 forma
1231 3159 1496 3244 ‘Ancyritanus'

521 3299 701 3383 Quomodo
731 3300 888 3366 constitui
918 3300 1042 3365 debeat
1069 3299 1102 3364 in
1135 3299 1245 3382 lingua
1275 3297 1378 3363 latina
1407 3317 1529 3364 nomen
1557 3299 1757 3365 adiectiuum
1781 3321 1802 3364 a
1828 3301 1964 3366 ciuitate

454 3399 630 3486 ‘Ancyra’
658 3404 859 3482 deriuatum,
885 3403 973 3468 haud
1004 3404 1086 3468 satis
1116 3404 1243 3468 elucet:
1283 3403 1494 3467 inueniuntur
1524 3403 1611 3468 enim
1645 3405 1736 3489 apud
1768 3405 1964 3488 interpretes

455 3505 668 3584 conciliorum
680 3513 730 3571 et‘
741 3507 940 3589 Ancyranus
950 3505 957 3530 '
968 3504 1168 3590 (Anciranus
1180 3506 1406 3590 Anquiranus)
1420 3515 1453 3570 et
1465 3513 1472 3540 ‘
1483 3505 1688 3590 Ancyrensis
1699 3505 1707 3531 '
1719 3506 1963 3592 (Anquirensis)

385 3647 387 3650 ⁴
455 3620 489 3677 et
505 3608 769 3693 ‘Ancyritanus’
786 3608 1010 3692 (Anciritanus
1024 3607 1290 3695 Anquiritanus),
1305 3630 1414 3692 neque
1430 3611 1621 3675 testimonia
1636 3610 1769 3676 aliunde
1791 3613 1895 3694 petita
1918 3613 1964 3676 ita

458 3715 543 3778 inter
558 3734 594 3777 se
609 3724 831 3778 consentanea
843 3723 920 3777 sunt
933 3722 969 3778 ut
985 3733 1053 3776 rem
1070 3713 1261 3797 expediant.
1299 3733 1384 3797 quae
1399 3733 1478 3796 ergo
1490 3713 1680 3796 collegerim
1695 3734 1762 3780 non
1774 3716 1963 3800 displicebit

457 3817 601 3881 breuiter
615 3835 795 3900 exponere.

522 3920 628 3985 Tacet
639 3920 775 3984 omnino
789 3921 831 3985 de
842 3919 981 3985 concilio
990 3919 1148 4002 Ancyrae
1161 3920 1276 3986 habito
1288 3920 1518 4002 interpretatio
1530 3940 1693 3985 canonum
1704 3921 1852 3987 Gallica:
1877 3943 1963 4005 quae

455 4023 545 4088 enirn
562 4024 633 4088 siue
648 4024 690 4087 ad
708 4023 789 4088 illud
806 4025 981 4088 concilium
1003 4024 1071 4088 siue
1094 4026 1136 4089 ad
1160 4024 1436 4090 Neocaesariense
1458 4032 1492 4089 et
1513 4023 1706 4107 Gangrense
1726 4025 1903 4109 pertinent,
1923 4046 1962 4090 ea

455 4128 566 4191 omnia
582 4125 645 4190 sub
661 4127 796 4192 nomine
810 4126 941 4192 concilii
958 4128 990 4190 N
993 4128 1095 4194 icaeni
1112 4127 1238 4205 laudat,
1253 4127 1330 4192 uide
1345 4148 1391 4210 pp
1406 4139 1492 4211 3-15
1508 4127 1600 4192 infra.

521 4227 678 4294 Formam
695 4230 773 4295 alibi
788 4230 970 4296 inauditam
987 4229 1229 4314 ‘Ancyrensis'
1243 4230 1380 4314 praebet
1396 4231 1621 4315 interpretatio
1638 4234 1765 4299 Prisca:
1790 4233 1868 4299 uide
1883 4256 1906 4319 p
1922 4234 1961 4297 18

454 4345 579 4397 TITVLI
602 4332 858 4418 (CONSTITVTA)
883 4347 1069 4399 CANONVM
1093 4348 1407 4418 ANCYRENSIVM,p
1425 4349 1912 4402 20CANONESCONST1TVT1.
1931 4387 1961 4403 ..

456 4450 495 4500 IN
522 4445 698 4503 CIVITATE
722 4451 955 4504 ANCYRENSE.
1001 4457 1087 4520 quae
1107 4448 1220 4504 tamen
1240 4439 1468 4523 interpretatio
1490 4458 1566 4504 curn
1590 4441 1633 4505 ab
1659 4440 1793 4506 hornine
1815 4441 1904 4507 lacta
1918 4443 1962 4508 sit

456 4559 562 4623 neque
579 4540 760 4605 admodum
782 4538 929 4624 ‘prisco’
948 4539 1103 4627 (canones
1123 4543 1212 4607 enim
1230 4543 1359 4608 concilii
1377 4542 1657 4609 Chalcedonensis
1672 4565 1761 4610 anno
1776 4557 1835 4628 451
1855 4546 1960 4611 habiti

456 4662 522 4706 una
537 4663 612 4707 curn
627 4643 745 4709 ceteris
760 4643 863 4709 latine
879 4644 991 4727 uertit)
1008 4665 1117 4729 neque
1133 4646 1316 4711 litterarum
1333 4648 1450 4729 perito,
1466 4648 1536 4711 iure
1551 4648 1753 4732 neglegetur.

522 4746 706 4830 Dionysius
731 4747 894 4830 Exiguus,
917 4757 990 4813 tum
1014 4748 1047 4811 in
1078 4750 1187 4831 priore
1217 4759 1288 4814 turn
1320 4751 1353 4813 in
1382 4748 1486 4816 altera
1516 4751 1800 4835 interpretatione,
1831 4753 1959 4818 nonnisi

457 4849 689 4935 ‘Ancyranus'
708 4851 760 4916 uel
776 4853 1009 4935 ‘Anquiranus
1023 4850 1030 4876 ’
1045 4854 1179 4918 scribit:
1204 4876 1227 4938 p
1243 4871 1284 4939 37
1301 4853 1353 4919 col
1368 4876 1390 4918 a
1405 4868 1587 4920 cnersvtn
1603 4870 1781 4921 cnuouvu
1798 4870 1960 4922 coucnnr

456 4955 919 5035 nuovmnur,colbrrsvs1
943 4970 1125 5022 cnuouvu
1150 4971 1341 5024 nucuxnm
1365 4972 1532 5024 coucrtu
1548 4981 1556 5039 ;
1587 4981 1608 5044 p
1623 4979 1666 5042 49
1682 4962 1734 5025 col
1752 4982 1774 5024 a
1789 4974 1958 5026 canones

455 5058 947 5136 anv1Rnur‚coleschAs
964 5075 1158 5125 sucurram
1181 5075 1366 5139 couc1L11;
1389 5074 1486 5146 p115
1498 5063 1582 5127 cola
1598 5078 1768 5130 exsulem
1790 5077 1959 5129 canones

455 5174 656 5242 nucvxnur,
671 5163 724 5227 col
735 5164 935 5229 texentem
950 5178 1120 5229 cnuouss
1135 5177 1301 5251 concreti
1320 5179 1552 5243 anvmnNr:
1576 5168 1664 5232 adde
1677 5169 1777 5233 etiam
1795 5169 1960 5252 (quamuis

455 5264 517 5348 ipsi
550 5267 716 5349 Dionysio
741 5268 958 5335 ¹abiudicandi
997 5269 1063 5333 sint
1101 5269 1224 5334 indices
1261 5270 1504 5354 episcoporum)
1537 5292 1559 5355 p
1589 5284 1628 5353 51
1662 5272 1672 5335 l
1709 5289 1727 5336 2
1759 5271 1960 5336 ‘Marcellus

455 5367 690 5454 Anquiranus.'
1446 5448 1448 5452 Α

522 5474 586 5538 Par
600 5484 671 5539 erat
687 5476 888 5558 Dionysium
902 5478 995 5560 sequi
1013 5474 1033 5562 (‘
1046 5476 1245 5559 Ancyranus
1258 5475 1265 5499 '
1278 5479 1365 5542 enim
1381 5488 1415 5544 et
1430 5478 1509 5543 alibi
1531 5479 1698 5562 reperitur,
1714 5479 1789 5542 uide
1804 5477 1909 5563 inira),
1926 5478 1958 5541 ni
